3150 5109
496 481 674 551 00me
698 482 819 568 (narr.
843 483 923 553 xv.
948 486 991 571 r).
1303 482 1347 546 rr

143 678 185 722 no
200 655 279 742 quid
294 657 423 722 accedat
437 657 590 742 temporis
604 657 647 722 ad
661 656 705 736 id,
716 658 803 742 quod
817 661 855 722 tu
868 658 950 724 mihi
965 663 997 724 et
1011 662 1141 725 senatus
1155 655 1299 724 oonsulto
1314 658 1347 721 et

142 759 215 847 lege
229 759 342 840 finisti,
358 761 467 827 omnia
487 784 540 827 me
557 785 615 848 per
635 764 670 827 to
687 765 892 827 eonssoutum
911 761 1043 848 putabo.
1088 759 1175 826 Cura
1188 764 1226 825 ut
1240 759 1349 825 valeas

143 868 242 930 etms
258 863 423 931 absentem
438 865 557 952 diligas
577 870 674 952 atque
695 865 860 932 defendas.
906 866 937 929 3.
961 866 1053 938 Quae
1066 865 1148 930 mihi
1162 865 1203 930 de
1218 862 1348 929 Parthis

143 967 295 1033 nuntiata
308 970 395 1048 sunt,
411 968 488 1053 quia
509 991 575 1034 non
595 967 752 1054 putabam
772 991 792 1033 a
814 991 866 1035 me
881 969 980 1035 etiam
993 992 1080 1034 nuno
1101 966 1269 1034 seribende
1282 987 1349 1032 osse

143 1071 281 1157 publiea,
296 1075 465 1159 propterea
483 1095 525 1138 ne
544 1095 603 1158 pro
625 1072 847 1138 familiaritate
870 1073 1002 1158 quidem
1021 1076 1131 1138 nostra
1145 1070 1234 1137 volui
1253 1071 1296 1135 ad
1315 1074 1349 1135 ts

143 1175 289 1257 seribere,
308 1198 361 1256 ne,
380 1198 455 1242 enm
476 1176 518 1242 ad
539 1177 702 1243 eonsulem
725 1176 930 1263 seripsissem,
953 1176 1080 1264 publiea
1102 1177 1228 1241 viderer
1251 1172 1351 1259 serip-

144 1301 230 1345 sisse.

145 1615 319 1685 CCXVII.
364 1616 534 1685 CICERO
556 1617 810 1809 TOAEUOIUS
832 1619 1072 1702 PAULLUa
1087 1619 1221 1687 Corssm
1245 1640 1351 1685 aanor

666 1746 726 1790 Ans.
754 1745 812 1789 xv.
837 1726 875 1811 7).

379 1924 481 1983 sarm,
496 1925 528 1968 s.
545 1925 580 1969 n.
597 1926 624 1969 c.
642 1922 709 1984 ⁷⁰³3
734 1926 765 1970 n.
783 1926 810 1970 c.
830 1925 881 1986 613
905 1927 981 1973 ann.
997 1927 1056 1972 cro.
1075 1925 1118 1974 os.

195 2077 232 2128 M.
245 2078 331 2131 Cioero
341 2080 479 2146 gratulatur
490 2082 520 2132 L.
532 2082 621 2135 Paullo
630 2084 661 2134 de
672 2084 801 2136 oonsulatu
812 2090 837 2137 et
847 2101 879 2136 ne
889 2085 937 2137 sibi
947 2085 1074 2151 provincia
1083 2091 1229 2151 prorogetur
1239 2091 1317 2149 rogat.

380 2298 419 2352 Μ.
439 2297 570 2353 CICERO
588 2298 615 2354 S.
636 2298 671 2354 D.
691 2300 723 2356 L.
742 2301 888 2357 PAULLC
906 2302 978 2357 COS.
998 2302 1117 2357 DESIG.

215 2443 244 2510 1.
267 2443 341 2509 Etsi
356 2443 438 2509 mihi
459 2466 627 2530 nunquam
647 2444 713 2511 fuit
727 2444 864 2513 dubium
878 2449 958 2533 quin
977 2452 1011 2513 te
1030 2448 1170 2533 populus
1185 2446 1354 2514 Romanus

148 2570 207 2636 pro
221 2547 287 2614 tuis
301 2547 435 2614 summis
449 2548 484 2612 in
495 2571 564 2613 rem
575 2548 739 2635 publicam
747 2550 872 2616 meritis
883 2554 916 2616 et
925 2573 984 2636 pro
999 2551 1196 2636 amplissima
1210 2551 1356 2617 familiae

149 2652 321 2739 dignitate,
336 2673 461 2716 summo
476 2652 594 2731 studio,
610 2651 732 2717 eunetis
746 2652 911 2740 suffragiis
925 2653 1088 2719 oonsulem
1103 2654 1247 2719 facturus
1262 2658 1354 2735 esset,

148 2762 259 2822 tamen
274 2753 456 2819 incredibili
469 2755 595 2821 laetitia
609 2778 681 2821 sum
696 2755 849 2835 adfectus,
862 2779 934 2821 oum
950 2756 985 2822 id
999 2756 1079 2821 mihi
1093 2757 1282 2821 nuntiatum
1296 2762 1353 2837 est,

149 2880 287 2944 eumque
301 2856 455 2923 honorem
470 2857 531 2923 tibi
546 2859 622 2924 deos
637 2859 804 2926 fortunare
819 2861 891 2926 volo
907 2882 926 2924 a
945 2864 1041 2946 teque
1056 2883 1096 2925 ex
1110 2864 1168 2925 tua
1183 2859 1355 2925 maiorum·

149 2986 212 3050 que
238 2966 369 3028 tuorum
394 2962 556 3049 dignitate
585 2962 814 3029 administrari.
868 2965 899 3028 2.
921 2961 1033 3048 Atque
1056 2964 1183 3029 utinam
1206 2985 1356 3049 praesens

149 3068 243 3133 illum
266 3067 352 3133 diem
374 3065 457 3130 mihi
479 3065 717 3152 optatissimum
738 3066 849 3133 ridere
870 3066 1045 3151 potuissem
1059 3090 1180 3153 proque
1200 3066 1265 3132 tuis
1286 3090 1355 3133 am·

150 3170 303 3257 plissimis
325 3191 404 3255 erga
424 3190 477 3233 me
498 3169 614 3234 studiis
637 3173 734 3254 atque
755 3168 919 3237 benefieiis
938 3170 1000 3235 tibi
1017 3178 1147 3256 operam
1168 3193 1274 3236 meam
1288 3176 1356 3237 stu·

150 3275 305 3360 dinmqus
316 3272 453 3338 navare!
485 3272 593 3343 Quam
602 3272 686 3338 mihi
697 3273 886 3340 facultatem
898 3274 1052 3360 qnoniam
1063 3273 1116 3339 hio
1126 3296 1189 3355 neo
1205 3274 1359 3360 opinatus

150 3382 183 3443 et
197 3377 390 3463 improvisus
409 3376 593 3462 provintiae
612 3399 703 3442 sarus
722 3378 850 3463 eripuit,
866 3382 986 3457 tamen,
1002 3381 1039 3443 ut
1058 3381 1092 3442 te
1112 3377 1274 3443 oonsulem
1287 3401 1357 3444 rem

150 3481 313 3566 publicam
326 3502 385 3566 pro
399 3484 457 3545 tua
471 3480 633 3566 dignitate
648 3485 814 3567 gerentem
828 3482 938 3547 videre
951 3481 1081 3568 possim,
1093 3503 1214 3566 magno
1229 3504 1323 3567 opere
1337 3505 1358 3547 a

151 3589 273 3671 tapeto
288 3588 325 3649 ut
340 3606 469 3669 operam
483 3585 550 3664 des,
566 3584 684 3649 affinias
703 3607 745 3650 ne
764 3583 844 3670 quid
858 3583 940 3650 mihi
955 3584 1013 3650 fiat
1031 3583 1169 3650 iniuriae
1183 3607 1264 3650 neve
1278 3584 1358 3670 quid

150 3687 304 3774 temporis
329 3689 371 3753 ad
395 3709 504 3754 meum
534 3710 680 3753 annuum
709 3710 830 3753 munus
853 3689 992 3754 aoeedat.
1052 3687 1150 3759 Quod
1178 3688 1206 3753 si
1235 3688 1358 3765 fenoris,

150 3813 290 3878 magnus
304 3792 346 3856 ad
360 3795 419 3856 tua
432 3792 570 3877 pristina
584 3814 662 3880 erga
675 3814 728 3857 me
743 3793 851 3857 studia
866 3791 1014 3857 cumulus
1029 3793 1165 3857 aooedet.

183 3964 242 4029 lege]
275 3980 315 4014 see
326 3963 453 4014 Addenrla.
779 3964 879 4013 mitten
896 3964 978 4014 attha
994 3980 1060 4014 same
1079 3963 1166 4028 sitting
1183 3980 1210 4013 as
1227 3964 1271 4014 the
1289 3965 1360 4015 three

183 4033 207 4079 3.
225 4029 299 4095 nunc]
331 4045 358 4078 ae
369 4029 412 4078 the
423 4044 491 4078 news
502 4044 553 4077 was
562 4034 608 4078 not
616 4044 678 4079 even
686 4035 730 4094 yet
779 4029 918 4141 preceding,
936 4029 985 4078 and
1000 4029 1085 4079 Cioaro
1099 4044 1150 4077 was
1163 4034 1208 4078 not
1221 4029 1318 4079 saluted
1332 4045 1359 4079 as

150 4094 298 4158 sufficiently
312 4094 414 4144 certain.
449 4093 612 4158 Subsequentl
632 4130 639 4154 ,
657 4094 730 4143 when
796 4100 918 4157 mpemtor
931 4094 970 4143 till
985 4093 1079 4143 iii.1d.
1099 4093 1154 4142 Oot.
1197 4093 1243 4144 See
1259 4100 1317 4144 note
1332 4100 1361 4144 to

150 4161 282 4209 oonflrmed
292 4158 468 4224 bytheletters
478 4159 506 4208 of
516 4160 611 4208 Tarson
629 4159 635 4169 ”
663 4159 727 4217 otus,
781 4158 853 4208 Fam.
865 4175 908 4208 xv.
922 4162 945 4220 3,
958 4159 1022 4221 init,
1035 4158 1083 4222 Ep.
1097 4157 1169 4207 ooxii.

151 4224 194 4274 the
216 4223 285 4287 King
305 4222 342 4273 ,οἰ
363 4223 535 4287 Commagene,
560 4223 608 4272 and
628 4222 729 4272 Iambli·
814 4226 839 4272 2.
862 4226 963 4285 Operam
987 4261 993 4273 .
1018 4260 1025 4273 .
1052 4260 1058 4272 .
1081 4222 1180 4287 navare]
1215 4222 1287 4273 ‘lond
1309 4239 1360 4288 you

151 4288 220 4350 ohne,
232 4288 318 4339 Cicero
328 4294 406 4339 wrote
415 4287 458 4338 the
469 4287 557 4337 official
566 4288 647 4348 letter,
658 4288 729 4337 Fam.
781 4304 824 4353 my
835 4287 876 4337 aid
886 4289 935 4338 and
946 4288 1169 4352 encouregement.'

151 4370 195 4403 xv.
210 4351 425 4417 l,2,Ep.oexxi.
814 4369 914 4415 magnus
933 4391 939 4402 .
960 4391 965 4401 .
986 4390 992 4401 .
1010 4353 1110 4418 arados]
1147 4351 1277 4402 ‘thiawill
1292 4367 1359 4402 oom-

781 4417 874 4482 pletaly
885 4433 968 4467 orown
978 4417 1012 4467 all
1023 4433 1086 4483 your
1093 4417 1208 4482 previous
1219 4417 1362 4467 kindnesses

186 4482 241 4534 The
262 4497 310 4533 rrss
340 4481 498 4546 erroneoualy
519 4481 583 4531 have
604 4480 730 4532 CICERO
781 4497 815 4532 on
831 4499 873 4547 my
884 4482 988 4533 boholt!

153 4546 229 4598 ffll’.
274 4547 325 4598 But
349 4546 401 4598 this
426 4546 498 4597 letter
527 4562 578 4597 was
601 4545 731 4611 obviously
