3150 5109
514 457 702 525 nonnis.
728 457 845 543 (nnn.
878 461 936 529 VJ.
960 463 1007 546 o).
1287 466 1351 533 ιιι

146 630 265 712 solvus,
284 635 323 698 nt
342 653 444 718 sporo,
458 629 585 711 venisti,
604 630 739 714 videbis,
764 636 804 699 ut
825 633 917 715 soles,
941 635 1061 716 omnis,
1078 659 1161 723 queo
1181 638 1353 726 intelleges

146 739 257 802 nostro
270 734 432 815 interesse,
446 735 482 801 in
496 735 609 821 primis
624 737 665 803 de
679 735 790 802 Tullio
809 759 892 816 mes,
909 737 1001 805 ouius
1014 740 1056 806 de
1070 741 1257 810 oondioione
1271 744 1352 830 quid

146 837 229 905 mihi
239 838 379 925 plsoeret
393 837 505 924 nosipsi
514 840 557 905 od
565 837 762 920 Terentium,
777 862 852 908 oum
866 844 905 908 tu
918 841 954 908 in
966 842 1102 910 Groeoio
1116 867 1198 912 esses
1209 869 1217 911 :
1233 847 1351 915 deinde

145 943 188 1009 do
208 942 330 1010 honore
350 945 481 1008 nostro:
512 943 599 1029 quod
617 943 706 1010 enim
724 947 761 1010 tu
781 945 905 1028 uiuisti,
927 968 1039 1014 vereor
1059 952 1098 1014 ut
1117 951 1196 1016 setis
1210 950 1349 1038 diligen-

145 1051 320 1125 terootum
332 1046 369 1112 in
383 1051 499 1113 senotu
512 1047 555 1112 sit
574 1047 615 1112 de
628 1047 746 1114 litteris
767 1049 856 1114 meis.
902 1051 934 1115 3.
957 1049 1049 1117 Illud
1063 1057 1228 1138 praetereo
1243 1083 1348 1136 μυστι·

145 1153 281 1237 κώτερον
296 1151 339 1217 sd
352 1153 385 1217 te
399 1148 545 1231 so1ibam,
565 1153 604 1217 tu
624 1150 769 1238 sagaoius
791 1151 985 1220 odorabote:
1007 1165 1064 1233 τῆς
1079 1153 1238 1243 δάμαρτός
1252 1164 1349 1241 noui

145 1251 493 1338 ιἰπελεήθερος-οἵσθα
509 1255 549 1323 ὃν
563 1253 780 1341 λέγω-ἔδοξέ
793 1284 847 1340 μοι
863 1259 984 1343 πρώην,
1000 1256 1036 1333 ἐξ
1051 1258 1096 1325 ὧν
1112 1259 1349 1345 ιἰλογευόρενος

144 1356 390 1446 παρεφθέγγετο,
405 1363 610 1445 πιφυροιιένοι
623 1360 681 1436 τὰς
695 1362 823 1446 ψήφους
838 1362 870 1428 ἐκ
883 1371 940 1438 τής
955 1363 1039 1439 ὠνῆς
1054 1367 1119 1429 τῶν
1134 1364 1349 1451 ὑπαρχόντων

142 1470 201 1530 τοῦ
217 1464 439 1547 Κροτωνιάτου
454 1465 718 1547 τυραννοκτόνου·
734 1460 856 1531 δέδοικα
870 1462 920 1545 δή,
935 1470 977 1549 μή
991 1493 1021 1532 τι
1037 1469 1167 1554 νοήσῃς·
1184 1468 1230 1542 εἷς
1245 1465 1347 1544 δήπου

143 1574 238 1633 τοῦτο
254 1565 292 1645 δὴ
307 1568 571 1652 περισκεψάμενος
584 1568 622 1633 τὰ
638 1568 736 1633 λοιπὰ
752 1564 968 1652 ἔξαοφᾶλισοι.
1015 1567 1094 1634 Non
1108 1590 1191 1654 quon
1205 1572 1347 1652 tantum,

142 1673 303 1756 quantum
327 1691 447 1750 vereor,
471 1667 617 1736 soribere.
661 1667 715 1735 Tu
739 1672 850 1735 eutem
873 1669 927 1736 feo
951 1674 990 1736 ut
1014 1670 1097 1738 mihi
1120 1678 1195 1738 tuse
1219 1673 1347 1742 litterae

142 1773 254 1840 volent
278 1772 400 1841 obviae.
444 1771 540 1839 Haeo
561 1771 719 1839 festinans
743 1772 855 1859 eoripsi
878 1774 914 1840 in
939 1775 1055 1842 itinere
1084 1779 1181 1861 utque
1203 1778 1345 1864 agmine.

142 1876 246 1945 Piliae
267 1880 301 1945 et
321 1876 448 1963 puellae
470 1875 627 1945 Oeeoiliue
649 1875 841 1944 bellissimae
864 1877 1003 1945 sulutem
1025 1878 1123 1947 dioes.

261 2263 448 2332 OGLXIX.
495 2263 666 2333 CICERO
689 2263 747 2333 ΤΟ
771 2263 972 2333 Annuus
999 2266 1096 2348 (Aur.
1121 2289 1168 2334 τι.
1193 2268 1236 2354 e).

435 2485 468 2527 s.
484 2482 518 2527 u.
534 2483 562 2527 o.
579 2479 646 2537 704;
671 2483 702 2526 s.
719 2482 746 2528 c.
763 2483 816 2542 ⁶⁰3
839 2483 915 2527 snn.
932 2483 992 2528 clc.
1008 2483 1050 2532 eo.

187 2647 227 2699 Do
244 2654 385 2711 exspectato
395 2647 474 2698 Attici
489 2648 598 2698 sdventu
614 2647 642 2697 in
658 2647 753 2708 urbem,
772 2647 804 2697 sb
820 2663 850 2697 eo
866 2646 935 2711 eupit
951 2645 999 2697 sibi
1015 2647 1111 2699 litteras
1126 2648 1213 2700 obvies
1227 2649 1303 2713 mitti,
1316 2650 1344 2701 in

138 2729 224 2793 primis
235 2729 266 2779 de
275 2728 412 2779 rationibus
427 2728 534 2779 turbetis
549 2728 577 2778 in
592 2744 620 2779 ro
635 2744 681 2778 sua
696 2727 816 2778 familiari
832 2744 876 2792 per
891 2728 1009 2779 libortum
1025 2730 1110 2781 uxoiis
1125 2746 1193 2792 suso,
1206 2747 1281 2796 quem
1291 2747 1343 2782 rem

139 2811 232 2861 Grsooe
244 2816 270 2862 lv
281 2812 402 2874 αἰνιγμοῖς
413 2810 515 2875 exponit
531 2817 557 2861 et
572 2809 695 2860 msximse
711 2826 784 2861 ouroe
795 2810 879 2860 Attico
894 2827 947 2862 osso
957 2811 1030 2862 vult:
1049 2827 1075 2862 so
1085 2811 1177 2876 inipso
1188 2813 1287 2864 deoossu
1298 2830 1344 2865 suo

137 2892 304 2944 sollieitudine
314 2891 456 2956 provincius
466 2891 573 2942 maxime
583 2891 675 2956 tugen,
695 2893 726 2942 ds
742 2890 834 2942 Bibulo
850 2891 898 2942 sibi
908 2907 960 2942 non
969 2893 1081 2957 molesto,
1095 2894 1126 2944 de
1135 2893 1258 2946 brevitate
1267 2895 1343 2946 huius

137 2975 215 3040 ipsius
225 2974 351 3039 epistolae.
385 2973 489 3038 Seripsit
500 2973 571 3024 'l'srsi
581 2973 613 3024 V.
626 2973 684 3023 Kal.
699 2973 821 3031 Quinctil.

551 3152 682 3208 CICERO
700 3152 833 3208 ATTICO
852 3153 928 3208 SAL.

203 3291 232 3354 l.
255 3286 355 3354 Nuno
368 3286 503 3374 quidem
517 3286 661 3373 profooto
677 3285 802 3351 Romae
821 3307 876 3352 es:
899 3306 963 3371 quo
978 3289 1021 3365 te,
1037 3284 1064 3350 si
1078 3285 1126 3351 its
1140 3289 1198 3365 est,
1215 3285 1340 3352 salvum

136 3393 260 3460 venisse
285 3393 430 3480 gaudeo:
468 3392 556 3459 unde
586 3390 718 3478 quidem
744 3411 842 3475 quam
871 3390 929 3455 diu
958 3388 1081 3470 eluisti,
1111 3390 1217 3476 magis
1243 3412 1263 3456 a
1288 3413 1341 3458 me

169 3574 194 3621 2.
212 3572 300 3620 honore
345 3569 400 3620 The
421 3572 563 3632 oupplioats‘o
580 3570 664 3620 which
680 3570 713 3621 ho
764 3571 788 3629 9,
810 3571 834 3629 2,
854 3567 902 3631 Ep.
927 3566 1058 3626 cclxxxii,
1075 3567 1158 3618 where
1180 3568 1278 3635 exootly
1297 3570 1341 3621 the

135 3636 254 3700 expected
264 3641 291 3685 to
342 3635 417 3685 noted
426 3635 454 3684 in
464 3634 504 3685 his
514 3634 619 3686 honour.
763 3649 831 3683 some
841 3631 958 3696 monning
969 3631 991 3682 is
1004 3633 1130 3697 conveyod
1141 3634 1175 3698 by
1185 3634 1229 3684 tho
1242 3636 1341 3686 ourious

170 3705 194 3751 3.
212 3701 391 3765 τῆςδάριρτόι
404 3737 410 3748 .
425 3737 432 3749 .
446 3699 641 3776 spanensem]
654 3706 714 3765 ‘my
763 3697 889 3747 sdverbisl
903 3697 1196 3760 superhtivesdstwa.
1225 3700 1341 3751 Terentio

136 3766 219 3817 wifo’s
237 3766 365 3815 froedmun
395 3764 554 3830 Philotimus)
573 3765 670 3815 seemod
687 3771 714 3815 to
763 3762 953 3813 soemstohovo
968 3762 1065 3811 ovuilod
1075 3761 1169 3813 herself
1178 3763 1207 3813 oi
1216 3764 1260 3814 tho
1274 3766 1339 3815 sels·

135 3848 175 3882 me
195 3830 240 3881 the
261 3830 332 3880 other
353 3831 384 3880 du
403 3866 410 3890 ,
434 3830 499 3880 hom
526 3846 592 3879 some
616 3828 714 3879 remark
763 3828 817 3877 tion
833 3828 860 3877 in
875 3825 960 3877 which
974 3827 1019 3876 she
1035 3827 1105 3876 stood
1115 3834 1142 3877 to
1153 3827 1303 3879 Philotimus
1313 3836 1340 3880 to

135 3895 219 3947 which
246 3894 278 3945 he
311 3910 369 3945 ousu
405 3911 422 3960 y
448 3895 563 3958 dropped,
597 3900 624 3944 to
649 3894 714 3943 hove
763 3891 919 3956 oppropn'nto
929 3907 996 3942 some
1004 3890 1032 3942 of
1038 3892 1081 3941 tho
1091 3892 1340 3958 moneyroisedfrom

136 3961 227 4011 oookod
254 3960 294 4009 his
315 3965 432 4010 oooounts
452 3959 480 4009 in
501 3964 545 4009 too
571 3964 661 4009 mutter
685 3957 713 4008 ot
763 3956 1106 4007 thesoloofllilo‘seffeets.

135 4027 178 4076 the
194 4026 245 4075 sule
261 4024 289 4075 of
309 4025 354 4075 the
369 4025 444 4089 goods
460 4023 488 4074 of
508 4024 552 4074 tho
571 4022 713 4074 Crotonisto
795 4025 871 4072 votem
886 4020 978 4087 obvios]
1013 4021 1066 4086 ‘fly
1081 4026 1108 4071 to
1124 4027 1189 4072 meet
1203 4022 1277 4073 mo’:
1299 4038 1339 4087 op.

228 4089 298 4139 ‘ide
334 4090 348 4139 1
364 4106 405 4139 sm
426 4088 507 4138 afraid
528 4104 579 4153 you
594 4104 653 4153 moy
668 4093 713 4137 not
764 4094 814 4135 tum
830 4102 884 4134 ocro
900 4089 976 4134 omnis
991 4092 1057 4135 aetas
1077 4101 1171 4135 currere
1193 4088 1264 4147 obvii,
1283 4086 1339 4138 Liv.

134 4156 199 4206 huso
215 4155 333 4206 observed
349 4154 418 4205 what
432 4154 478 4203 hes
493 4155 556 4203 boen
574 4153 651 4218 going
666 4152 710 4211 in;
763 4149 843 4200 xxvii.
854 4153 893 4211 51,
906 4155 931 4210 13
946 4150 1064 4200 thenon.
1077 4152 1338 4217 osseoondnrypredi-

135 4222 193 4271 taho
202 4222 246 4270 the
256 4226 347 4269 matter
360 4219 414 4269 into
424 4235 485 4280 your
495 4234 547 4268 οιοιι
564 4218 642 4266 hande
656 4218 713 4279 only
762 4214 919 4273 catulorum
930 4215 1127 4265 wehsveseous.
1135 4216 1221 4266 inhtt.
1230 4220 1303 4278 v.20,
1314 4222 1337 4279 1,

135 4287 184 4335 und
198 4301 283 4335 securo
299 4285 342 4335 the
355 4284 467 4334 residue!
502 4283 556 4332 The
571 4281 713 4332 Crotonisto
762 4280 811 4343 Ep.
830 4278 957 4340 ccxxviii,
973 4295 1030 4328 num
1046 4283 1117 4341 potui
1135 4283 1245 4330 Ciliciam
1262 4283 1338 4330 Aeto·

135 4346 713 4465 ..m
836 4346 953 4459 ιιι
1192 4346 1337 4471 ¹2...

135 4481 228 4531 athlete
244 4479 273 4530 oi
289 4479 403 4529 ciotono.
438 4480 489 4529 For
511 4476 546 4529 εἷς
568 4478 646 4537 δήπου
667 4476 713 4526 hus
763 4446 1340 4538 tosoi‚·thsdnt.isoommonsiterliost,noome

135 4546 197 4596 been
207 4545 338 4610 suggested
353 4545 470 4604 Οἰδίπους
488 4542 535 4593 but
551 4558 591 4593 seo
607 4545 662 4592 sot.
675 4540 711 4591 vi.
762 4547 805 4601 ost,
819 4540 864 4590 lte.
