3150 5109
308 414 373 480 144
659 409 812 477 sorar.
839 410 961 495 (nnn
985 409 1066 479 xa.
1089 408 1158 494 za).

305 588 390 653 dum
411 606 511 662 eures,
532 605 599 650 non
623 582 727 650 audeo
747 583 956 651 vehementer
980 606 1001 649 a
1023 586 1057 648 te
1079 582 1281 664 oontendere‚
1304 605 1347 650 ne
1367 589 1420 652 aut
1436 585 1491 674 ipa
1543 674 1544 677 Ἴ

307 696 384 757 tuae
398 692 574 777 perpetuae
596 687 839 755 consuetudinis
865 709 944 774 erga
967 709 1021 753 me
1046 686 1167 754 oblitus
1187 709 1256 753 esse
1276 687 1388 756 videar
1402 695 1492 758 autte

306 794 447 862 oblitum
461 795 584 880 putem.
630 794 661 857 3.
685 791 761 865 Oua
778 815 824 873 re,
844 795 884 858 ut
897 795 932 858 te
944 791 1028 858 velle
1046 789 1194 871 arbitror,
1214 791 1263 857 ite
1277 792 1404 873 faoiam,
1416 798 1493 880 atqm
1543 866 1544 875 ¹

306 897 350 965 ab
364 920 413 979 eo,
429 918 527 983 quem
541 918 653 962 omnes
667 899 781 982 gentes
798 896 905 962 seiunt
919 897 961 962 de
981 918 1034 962 me
1056 894 1177 980 optime
1199 895 1363 978 meritum
1376 895 1494 964 brevitor

307 1007 427 1090 petam.
473 999 510 1067 Si
524 1000 581 1066 alii
595 999 739 1066 eonsules
754 1004 870 1081 essent,
883 1000 926 1066 ad
939 1003 972 1066 te
986 998 1199 1086 potissimum,
1214 997 1342 1081 Paullo,
1356 1000 1494 1068 mitterem

308 1109 347 1172 ut
361 1127 414 1170 eos
431 1102 513 1169 mihi
531 1125 630 1188 quam
652 1101 861 1169 amicissimos
882 1103 1040 1169 redderes.
1084 1100 1193 1183 Nuno,
1216 1124 1290 1168 eum
1313 1108 1372 1169 tua
1391 1127 1495 1170 sunna

307 1213 449 1296 potestas
463 1228 651 1292 summaque
666 1206 838 1272 auotoritas
853 1212 995 1293 notaque
1015 1204 1165 1271 omnibus
1183 1210 1295 1272 nostra
1317 1207 1494 1274 naoessitudo
1542 1277 1543 1280 ,

306 1312 362 1393 sit,
376 1311 585 1378 vehementer
597 1313 631 1374 te
645 1330 736 1395 rogo,
751 1312 791 1374 ut
813 1315 846 1376 et
861 1331 960 1396 quam
981 1309 1289 1376 honorfioentissime
1304 1333 1394 1376 eures
1408 1312 1495 1376 deoa-

309 1417 456 1482 nendum
471 1414 511 1480 de
525 1412 607 1479 meis
626 1411 723 1479 rebus
744 1415 845 1500 gestis
869 1417 903 1480 et
923 1435 1023 1500 quam
1048 1412 1230 1490 oelerrime;
1253 1413 1373 1501 dignas
1386 1436 1432 1480 res
1444 1436 1497 1480 esa

307 1519 430 1586 honore
444 1522 478 1584 et
492 1516 712 1604 gratulatione
726 1540 899 1605 eognosoes
920 1540 960 1584 ex
974 1518 1015 1583 iis
1028 1515 1156 1598 litteris,
1171 1539 1252 1602 quas
1267 1519 1310 1583 ad
1324 1522 1359 1583 te
1376 1523 1409 1584 et
1420 1517 1497 1584 oolla

309 1645 387 1711 gam
407 1626 441 1689 et
458 1624 607 1687 senatum
626 1619 754 1706 publioe
775 1621 861 1688 misi.
906 1620 1126 1706 Omniumque
1150 1643 1296 1686 mearum
1322 1621 1498 1707 reliquarum

309 1749 418 1794 rerum
439 1724 645 1809 maximeque
673 1723 921 1792 existimationis
942 1747 1033 1792 meae
1057 1725 1317 1811 proourationem
1338 1729 1499 1812 suseeptan

309 1831 408 1897 velim
422 1829 551 1896 habeas.
597 1828 641 1894 In
656 1829 834 1916 primisque
849 1830 913 1897 tibi
935 1851 1030 1896 aurae
1049 1828 1103 1910 sit,
1125 1830 1214 1915 quod
1227 1829 1285 1896 abs
1298 1835 1333 1896 te
1346 1830 1498 1916 superiori·

308 1934 371 2002 bus
390 1955 517 2020 quoque
535 1932 654 1998 litteris
672 1933 785 2018 petivi,
807 1956 850 2000 ne
870 1932 954 1999 mihi
974 1936 1103 2019 tempus
1119 1936 1321 2020 prorogetur.
1366 1933 1499 2018 Cupiote

307 2037 474 2105 oonsulem
503 2036 613 2103 videre
642 2037 825 2125 omniaque,
850 2060 934 2125 qaae
957 2058 1059 2125 spero,
1083 2059 1159 2103 oum
1179 2035 1294 2104 absens
1316 2040 1391 2104 tum
1419 2038 1499 2104 etiam

308 2162 460 2228 praesens
472 2143 506 2206 te
520 2138 650 2205 oonsule
664 2140 809 2229 adsequi.

353 2426 505 2495 CCXLI.
550 2428 720 2496 CICERO
743 2426 802 2496 ΤΟ
826 2426 971 2495 asma
994 2427 1184 2496 CASSIUS
1205 2427 1458 2511 hortentur,

539 2532 788 2603 Pnoouans‘roa
809 2554 851 2598 or
873 2531 981 2599 Suam
1006 2532 1110 2619 (Fra.
1133 2553 1191 2600 xv.
1218 2535 1274 2620 ιι).

493 2717 674 2777 thannan
710 2717 744 2761 A.
760 2717 795 2761 U·
812 2717 840 2761 C·
858 2712 926 2775 7043
950 2717 981 2761 B.
998 2718 1026 2761 C.
1042 2716 1184 2774 50311111.
1201 2718 1261 2762 clc.
1279 2716 1322 2765 66.

359 2850 397 2901 st.
411 2848 496 2899 Cicero
508 2849 537 2902 C.
549 2848 634 2900 Cassio
641 2847 748 2899 Fadium
758 2848 941 2900 commendanti
950 2864 978 2899 se
988 2849 1064 2900 etiam
1073 2848 1182 2900 hominis
1191 2847 1272 2914 ipsius
1282 2865 1357 2900 eausa
1366 2849 1426 2901 satis
1433 2849 1502 2900 aar·

308 2948 365 2982 rum
375 2931 519 2996 pollioetur:
538 2930 587 2981 sibi
598 2946 649 2981 non
659 2929 793 2995 contigisse
806 2931 873 2981 dolet
887 2936 917 2981 ut
932 2947 990 2981 eum
1004 2947 1018 2982 e
1030 2931 1157 2997 provincia
1166 2932 1312 2983 redeuntem
1322 2931 1431 2983 viderat:
1447 2936 1504 2997 rogat

309 3019 339 3065 ut
349 3029 449 3078 operam
462 3013 504 3063 det
513 3028 546 3063 ne
557 3011 605 3062 sibi
615 3019 714 3076 tempus
723 3011 867 3076 provinciae
877 3017 1031 3077 prorogetur.

550 3176 589 3234 tt.
610 3174 742 3232 CICERO
759 3175 838 3232 mr.
858 3176 886 3232 Β.
906 3177 939 3232 D.
959 3177 991 3233 C.
1010 3177 1133 3233 CASSIO
1151 3177 1223 3233 PRO
1241 3177 1276 3238 Q.

376 3324 407 3390 l.
429 3323 479 3390 M.
506 3323 649 3391 Fadium
668 3326 756 3412 quod
778 3325 862 3391 mihi
885 3325 1026 3393 amioum
1055 3329 1112 3392 tua
1141 3327 1421 3394 oommendatione
1447 3325 1506 3403 das.

309 3427 440 3494 nullum
465 3427 501 3493 in
524 3449 562 3494 eo
585 3427 669 3493 Iaoio
691 3434 872 3516 quaestum.
917 3428 1020 3496 Multi
1045 3430 1132 3497 enim
1155 3430 1234 3497 anni
1255 3435 1344 3511 sunt,
1367 3452 1439 3496 oum
1460 3428 1508 3494 ille

343 3584 368 3632 3.
387 3584 535 3645 omniumque
556 3619 563 3632 .
586 3619 594 3632 .
615 3619 622 3632 .
643 3582 741 3648 Mhaa]
776 3581 886 3648 ‘Ihope
937 3583 1399 3649 op.fort.betifleFam.xii.15,init.
1434 3583 1508 3634 lara

307 3663 362 3714 you
373 3646 427 3696 will
440 3647 576 3697 undertake
592 3652 620 3698 to
637 3647 695 3697 loolr
712 3650 777 3697 after
794 3648 829 3697 all
843 3665 887 3715 my
936 3654 983 3700 not
992 3650 1100 3699 unusual
1110 3650 1150 3698 for
1165 3650 1209 3700 the
1225 3657 1342 3715 quaestor
1352 3647 1508 3700 toholdmrh

310 3711 450 3775 remaining
471 3713 593 3773 interests,
617 3713 665 3762 and
688 3712 766 3763 above
782 3714 826 3774 all,
844 3730 888 3780 my
937 3714 1084 3778 aposition;
1103 3714 1188 3764 Cicero
1203 3714 1306 3764 himself
1321 3730 1355 3765 on
1371 3714 1411 3764 his
1429 3716 1507 3776 depar-

310 3777 471 3841 reputation.'
514 3777 565 3827 For
577 3793 710 3838 procurare
728 3800 749 3821 =
766 3780 885 3827 adminis-
936 3784 993 3828 ture
1009 3778 1076 3828 from
1091 3778 1178 3829 Cilicia
1194 3778 1242 3829 left
1260 3780 1283 3829 it
1302 3788 1329 3830 to
1347 3779 1388 3829 his
1406 3786 1509 3856 quaestor

313 3848 387 3903 trare,
419 3857 458 3905 op.
480 3840 511 3898 Q.
533 3842 576 3892 Fr.
596 3842 633 3891 ιιι.
661 3845 685 3902 9,
714 3846 738 3905 3,
757 3842 806 3906 Ep.
825 3842 885 3905 alx„
938 3842 1036 3893 Caelius
1049 3843 1167 3907 (Famii.
1182 3846 1220 3906 15,
1230 3848 1254 3904 4,
1267 3844 1317 3908 Ep.
1334 3845 1459 3894 criniri:
1475 3858 1508 3905 ep

310 3907 455 3969 reipublicae
465 3912 531 3956 statu
542 3908 568 3955 in
580 3924 625 3969 qao
636 3910 709 3957 ettam
720 3910 742 3956 ri
753 3909 819 3957 aitte
827 3924 887 3970 pro·
938 3907 1091 3973 Marquardt,
1104 3909 1123 3959 i.
1137 3909 1204 3975 530).
1239 3909 1349 3971 Cassius,
1365 3925 1392 3959 as
1408 3908 1509 3959 uehere

307 3988 366 4023 euro
377 3979 455 4021 tamen
466 3973 532 4021 attic
541 3987 626 4022 surore
635 3975 791 4035 depeream.
940 3988 998 4022 seen
1006 3973 1089 4039 (Fam.
1101 3973 1128 4023 ii.
1141 3978 1179 4035 10,
1191 3977 1214 4035 2,
1223 3973 1272 4038 Ep.
1285 3989 1389 4024 eom:
1401 3990 1440 4038 ep.
1449 3971 1508 4022 Phil.

940 4036 976 4087 xi.
1001 4038 1052 4104 35),
1082 4038 1195 4089 defeated
1215 4038 1260 4089 the
1288 4038 1420 4090 Parthians
1439 4038 1510 4088 unda

345 4102 371 4151 C.
392 4101 513 4151 CASSIO
557 4100 737 4163 ThisCaasinr,
745 4100 803 4151 who
813 4100 890 4151 after-
940 4101 1048 4154 Paeona
1059 4103 1143 4154 before
1153 4103 1271 4153 Antioeh.

310 4165 484 4229 wardsoonsp'
539 4165 891 4230 againstCaesar‚andwhom
975 4167 1180 4234 1111111111]
1212 4183 1247 4218 se.
1270 4169 1377 4229 Callum,
1394 4172 1421 4218 to
1434 4166 1509 4217 arhen

311 4230 478 4294 Shahespeare
488 4230 552 4296 (Jul.
565 4230 634 4280 Caes.
647 4246 672 4281 r.
686 4236 708 4292 1,
722 4231 765 4294 63)
775 4231 891 4295 dignitas
940 4231 1026 4283 Cicero
1043 4233 1171 4283 addressed
1190 4232 1262 4283 Fam.
1280 4234 1326 4285 vii.
1353 4236 1441 4282 23-26.
1473 4230 1510 4280 He

306 4309 337 4344 aa
357 4294 417 4345 ‘the
435 4312 483 4345 sun
500 4295 528 4345 of
545 4295 641 4359 Rome,’
661 4312 712 4345 was
731 4295 891 4360 quaestores
939 4297 1184 4365 wroteapanegyrio
1194 4313 1227 4349 on
1238 4298 1340 4350 Catoof
1350 4299 1423 4349 Utioa
1434 4296 1508 4363 (Fan.

310 4357 421 4409 Crassus.
456 4359 529 4409 After
538 4360 582 4410 the
597 4360 672 4409 death
682 4360 709 4409 of
719 4360 763 4410 the
773 4360 847 4411 latter
856 4360 889 4411 ha
938 4361 1036 4425 11121,
1050 4365 1085 4429 2).

310 4424 470 4474 commanded
486 4424 530 4474 the
550 4424 657 4474 ramaina
677 4425 706 4474 oi
726 4425 770 4474 the
791 4424 889 4475 Roman
970 4430 1063 4478 atatam
1076 4465 1083 4479 .
1097 4465 1104 4478 .
1118 4465 1125 4479 .
1138 4427 1273 4495 quaestam]
1310 4428 1340 4480 ‘I
1353 4434 1397 4494 get
1409 4442 1441 4478 no
1455 4423 1508 4492 gata

306 4501 381 4551 army
391 4486 420 4536 in
431 4487 504 4553 Syria
514 4504 541 4538 as
547 4496 704 4552 proqaoeator
709 4497 867 4552 propraetore
877 4507 888 4542 .·
937 4490 965 4541 in
974 4492 1046 4542 him!
