3150 5109
521 440 685 508 carru.
710 440 833 526 (11111.
856 440 930 505 111.
956 443 998 525 a).
1319 442 1360 505 71

156 612 314 679 Bibulum
336 635 470 700 procos,
486 614 542 701 qui
562 614 688 680 circiter
708 613 790 680 Idus
812 614 950 680 Sextiles
965 615 1005 681 ab
1029 615 1159 701 Epheso
1173 616 1209 681 in
1231 614 1361 701 Syriam

155 717 293 783 navibus
317 718 479 804 profectus
504 723 583 798 erat,
606 720 693 804 quod
715 721 870 784 secundos
893 724 1006 784 ventos
1030 719 1204 802 habuisset,
1229 720 1296 785 iam
1325 718 1361 784 in

155 822 354 908 provinciam
369 846 460 889 suam
481 823 672 909 pervenisse,
688 823 779 888 cuius
792 823 910 889 litteris
925 825 1034 889 omnia
1048 826 1182 890 certiora
1200 824 1361 911 perlatum

155 926 197 991 iri
212 927 254 991 ad
269 930 419 992 senatum
432 927 598 1013 putabam.
644 926 741 1007 Mihi,
756 932 795 993 ut
808 927 844 992 in
860 927 929 991 eius
943 928 1032 992 modi
1046 950 1081 994 re
1097 933 1251 1014 tantoque
1265 926 1361 1004 bello,

155 1029 316 1095 maximae
331 1053 425 1097 carrae
448 1035 497 1097 est
516 1035 563 1112 ut,
580 1054 663 1117 quae
678 1031 778 1116 copiis
793 1035 826 1097 et
849 1031 965 1117 opibus
985 1036 1095 1097 teucro
1111 1033 1166 1096 vix
1183 1052 1361 1117 possumus,

154 1151 194 1195 ea
204 1131 452 1197 mansuetudine
462 1135 496 1197 et
507 1131 706 1197 continentia
716 1135 838 1211 nostra,
848 1132 1005 1197 sociorum
1016 1132 1172 1197 fidelitate
1183 1136 1360 1198 teneamus.

155 1232 326 1314 Tuvalim,
341 1239 380 1300 ut
390 1236 559 1315 consuesti,
574 1257 633 1301 nos
648 1233 796 1301 absentes
810 1235 929 1321 diligas
944 1239 976 1302 et
990 1235 1156 1300 defendas.

155 1654 318 1723 CCXIII.
377 1654 547 1723 CICERO
570 1655 628 1723 ΤΟ
651 1655 826 1723 APPIUS
853 1654 1098 1724 CLAUDIUS
1121 1655 1360 1736 PULCHER,

525 1784 568 1828 ur
590 1761 723 1828 Tarsus
746 1761 850 1848 (Fau.
875 1783 927 1826 111.
952 1765 990 1837 el.

289 1962 381 2007 rnrn.
398 1962 478 2007 nan.
495 1964 598 2022 sarr,
613 1964 645 2007 Α.
662 1964 695 2008 n.
712 1964 740 2007 c.
758 1959 829 2021 toa;
853 1964 882 2007 a.
901 1964 929 2007 c.
945 1963 995 2022 ⁵13
1020 1964 1094 2008 aar.
1110 1965 1170 2008 cra.
1188 1964 1229 2011 oe.

203 2130 285 2194 Aegro
294 2146 321 2180 se
331 2130 417 2180 tulisse
427 2129 513 2181 scribit
525 2130 562 2180 M.
576 2131 669 2192 Cicero,
682 2132 748 2196 quod
762 2132 827 2195 App.
841 2130 949 2181 Pulcher
962 2132 1010 2182 sibi
1023 2132 1186 2183 conveniendi
1198 2132 1238 2183 sui
1268 2138 1359 2184 olosm-

153 2214 206 2260 tem
215 2212 325 2260 nondum
336 2211 443 2273 sacmeel,
456 2228 484 2262 ac
495 2213 559 2277 petit
568 2218 598 2263 ut
607 2212 689 2262 locum
700 2211 835 2263 constituat
845 2229 895 2277 quo
905 2213 1036 2264 convenire
1046 2215 1149 2277 possint.

488 2410 526 2465 M.
547 2410 678 2466 CICERO
697 2410 725 2465 S.
744 2410 779 2466 D.
800 2410 858 2465 AP.
878 2411 1030 2468 PULCRO.

199 2533 230 2596 1.
255 2530 337 2597 Cum
360 2555 470 2599 meum
491 2534 613 2598 factum
628 2556 700 2599 eum
715 2537 773 2599 tuo
799 2556 958 2620 comparo,
982 2536 1042 2601 etsi
1061 2559 1128 2601 nou
1150 2539 1256 2623 magis
1278 2537 1361 2603 mihi

154 2633 248 2700 faveo
263 2635 299 2700 in
313 2641 423 2701 nostra
438 2637 578 2702 amicitia
592 2639 716 2702 tuenda
727 2659 825 2722 quam
839 2637 911 2718 tibi,
926 2642 1037 2704 tamen
1051 2640 1155 2706 multo
1169 2642 1274 2727 magis
1287 2663 1360 2707 meo

154 2739 241 2804 facto
255 2739 395 2805 delector
409 2763 506 2825 quam
521 2744 587 2806 tuo.
632 2739 707 2827 Ego
722 2740 811 2806 enim
826 2739 995 2807 Brundisii
1017 2744 1160 2828 quaesivi
1175 2768 1215 2809 ex
1233 2744 1360 2810 Phania

157 2843 260 2925 (cuius
283 2844 366 2909 mihi
390 2843 524 2909 videbar
545 2848 578 2910 et
601 2845 793 2910 fidelitatem
816 2866 894 2931 erga
923 2851 956 2910 te
981 2846 1177 2932 perspexisse
1206 2853 1240 2914 et
1268 2870 1360 2915 nosse

153 2945 270 3026 locum,
301 2969 396 3032 quem
422 2949 508 3033 apud
537 2951 570 3013 te
595 2947 623 3012 is
651 2948 802 3033 teneret),
833 2970 930 3033 quam
960 2949 995 3013 in
1021 2953 1147 3035 partem
1177 2951 1361 3037 provinciae

153 3050 294 3115 maxime
310 3055 438 3135 putaret
453 3055 485 3117 te
500 3052 582 3117 velle
596 3055 634 3117 ut
648 3052 684 3116 in
699 3052 896 3117 succedendo
915 3052 1057 3137 primum
1077 3054 1230 3119 venirem.
1275 3054 1359 3122 Cum

152 3154 210 3219 ille
224 3155 305 3220 mihi
319 3156 534 3240 respondisset
549 3155 633 3221 nihil
648 3178 700 3221 me
715 3155 776 3221 tibi
791 3156 917 3243 gratius
939 3157 1043 3223 facere
1057 3180 1148 3243 posse
1163 3160 1303 3244 quamsi
1318 3162 1359 3226 ad

154 3256 268 3323 Sidam
291 3260 503 3344 navigassem,
521 3261 581 3325 etsi
603 3258 711 3325 minua
725 3259 898 3345 dignitatis
915 3259 1056 3327 hahebat
1077 3263 1133 3329 ille
1151 3263 1309 3329 adventus
1326 3269 1360 3330 et

153 3363 197 3426 ad
221 3362 340 3427 multas
365 3385 416 3427 res
438 3362 520 3428 mihi
545 3363 654 3428 minus
678 3368 747 3429 erat
772 3368 877 3449 aptus,
901 3368 1012 3430 tamen
1036 3365 1084 3431 ita
1112 3389 1165 3432 me
1194 3368 1263 3432 dixi
1292 3390 1359 3435 esse

154 3463 327 3531 facturum.
372 3466 404 3531 2.
428 3464 522 3531 Idem
544 3489 605 3554 ego
620 3489 693 3532 cum
714 3465 756 3532 L.
774 3465 925 3533 Clodium
950 3468 1107 3553 Corcyrae
1129 3471 1357 3553 convenissem,

154 3568 321 3635 hominem
344 3569 392 3634 ita
414 3569 476 3635 tibi
501 3571 718 3651 coniunctum,
740 3573 778 3636 ut
800 3570 892 3651 mihi,
919 3595 992 3637 cum
1016 3573 1074 3638 illo
1099 3597 1172 3639 cum
1200 3574 1356 3659 loquerer,

153 3676 261 3737 tecum
274 3672 364 3758 loqui
380 3672 513 3753 viderer,
526 3673 595 3738 dixi
609 3673 639 3738 ei
650 3696 702 3739 me
716 3675 764 3739 ita
777 3674 940 3741 facturum
955 3698 1031 3756 esso,
1042 3681 1079 3741 ut
1088 3677 1123 3741 in
1138 3701 1210 3742 eum
1220 3684 1356 3763 partem,

154 3797 253 3861 quam
277 3774 406 3841 Phania
429 3780 583 3862 rogasset,
604 3777 747 3862 primum
770 3780 924 3845 venirem.
970 3779 1063 3845 Tunc
1088 3781 1154 3861 ille,
1178 3781 1260 3847 mihi
1283 3806 1357 3851 oum

186 3970 263 4013 lenm
281 4002 287 4014 .
307 4001 314 4013 .
334 4001 340 4013 .
360 3963 489 4030 teneamus]
507 3965 612 4014 saecrit.
625 3969 693 4014 note.
779 3965 820 4016 his
845 3981 902 4017 own
923 3966 1047 4029 province.
1092 3967 1154 4017 This
1180 3968 1223 4017 did
1249 3970 1358 4035 actually

185 4045 228 4077 nos
246 4067 253 4080 .
273 4065 279 4078 .
299 4065 306 4077 .
324 4028 447 4093 defendar]
478 4029 608 4079 ‘continue
636 4045 729 4079 ourre·
779 4030 892 4094 huppen:
913 4032 960 4081 but
976 4032 1068 4090 Cicero,
1085 4048 1112 4081 as
1128 4032 1263 4083 1111011111)
1297 4035 1355 4096 law,

152 4094 213 4157 gard
224 4095 272 4143 und
283 4094 414 4143 assistance
427 4101 453 4143 to
464 4094 544 4168 mein
554 4110 597 4158 my
607 4046 727 4154 alsense,'
779 4096 911 4160 appointed
921 4096 961 4146 his
972 4108 1094 4161 quaestor,
1108 4097 1206 4148 Caelius
1217 4050 1316 4159 Caldus,
1330 4114 1357 4149 aa

153 4159 197 4208 the
207 4160 280 4209 usual
290 4158 383 4208 reirain
398 4158 425 4208 of
442 4157 549 4208 Creem's
558 4159 644 4208 letters
654 4159 730 4209 about
779 4160 819 4210 his
830 4163 904 4211 locum
915 4169 1001 4211 emm.

153 4223 205 4273 this
213 4224 281 4282 time,
291 4240 312 4273 e.
319 4241 344 4287 q.
357 4224 427 4273 Fam.
436 4239 478 4273 xv.
490 4225 512 4283 7,
523 4227 546 4283 8,
558 4224 622 4287 Epp.
634 4225 726 4285 ccxiv„

153 4303 225 4338 ccxv.
259 4287 729 4339 Hewasinconstantdreadlestthc
814 4293 836 4340 l.
854 4291 952 4339 &horor
985 4291 1127 4342 ‘satisfled’

152 4352 729 4416 dispulesaboutappointingsuccessorstothe
812 4355 925 4469 Sidam&
958 4374 975 4405 n
992 4357 1153 4423 Pamphylia:
1174 4372 1215 4407 see
1230 4372 1264 4407 on
1282 4357 1353 4408 Fam.

154 4418 236 4468 Gallie
252 4418 380 4481 provinces
398 4416 456 4467 held
477 4418 511 4482 by
531 4418 620 4467 Cacsar
640 4416 728 4467 ahovssd
778 4419 816 4468 iii.
829 4422 853 4478 ὀ,
867 4424 890 4478 3,
925 4439 949 4486 p.
962 4438 1014 4472 ccv.

152 4492 257 4546 prevent
266 4487 310 4533 the
321 4481 490 4547 appointmeat
500 4481 555 4533 oia
569 4497 693 4533 successor
702 4489 729 4533 to
812 4485 854 4534 ille
863 4487 989 4550 aductus]
1009 4486 1116 4536 ‘arrival
1129 4492 1157 4537 at
1166 4486 1222 4536 that
1232 4486 1302 4551 place
1315 4489 1321 4511 ’
