3150 5109
549 398 688 462 234
1231 396 1552 464 oozxx
1561 398 1684 464 VI.
1732 398 1823 481 (A
1834 399 1967 462 ΤΥ.
2031 401 2148 466 VI.
2199 401 2288 483 6).

555 572 750 637 modo
778 593 858 636 ea
884 575 1090 649 tuear,
1121 594 1288 657 quae
1316 570 1484 637 mihi
1510 572 1760 636 tuenda
1785 576 1963 653 sunt,
1992 581 2070 639 ut
2095 576 2163 639 te
2190 594 2325 638 non
2354 570 2717 637 offendam.
2802 570 2964 638 Leva

557 698 663 739 me
690 676 898 760 igitur
922 674 1046 740 hoc
1072 697 1303 740 onere:
1347 698 1711 760 numquam
1738 676 1916 741 enim
1944 677 2112 742 mihi
2139 677 2362 742 videor
2388 679 2704 740 tractasse
2732 697 2964 743 causam

559 779 1003 844 difficiliorem.
1092 779 1203 844 Sic
1236 778 1475 844 habeto
1502 785 1757 845 tamen:
1789 780 1918 844 nisi
1945 781 2080 845 iam
2107 786 2265 846 tunc
2293 779 2516 845 omnia
2544 781 2815 865 negotia
2839 803 2965 846 cum

555 904 811 948 summa
837 888 958 947 tua
984 884 1312 969 dignitate
1339 883 1838 969 diligentisdme
1865 883 2295 962 confecissem,
2326 882 2592 947 tametsi
2619 881 2794 947 nihil
2813 885 2966 949 vide-

557 985 754 1051 batur
781 987 867 1051 ad
895 1009 1112 1051 meum
1153 1010 1313 1073 erga
1354 993 1423 1053 te
1461 987 1814 1072 pristinum
1855 987 2148 1052 studium
2191 986 2347 1051 addi
2376 1008 2585 1071 posse,
2618 990 2839 1052 tamen
2864 986 2967 1053 hac

560 1091 726 1155 mihi
753 1091 1092 1156 adfinitate
1143 1091 1467 1170 nuntiata,
1512 1112 1646 1155 non
1689 1090 1932 1156 maiore
1974 1090 2277 1176 equidem
2319 1090 2560 1169 studi0,
2606 1092 2728 1155 sed
2765 1091 2967 1170 acrius,

560 1195 868 1279 apertius,
922 1194 1399 1280 significantius
1447 1194 1843 1280 dignitatem
1888 1200 2074 1260 tuam
2124 1193 2582 1259 defendissem.
2679 1196 2743 1258 4.
2791 1192 2966 1260 Dece-

563 1297 750 1362 denti
774 1296 942 1363 mihi
970 1303 1037 1362 et
1071 1298 1205 1362 iam
1243 1297 1515 1382 imperio
1558 1320 1781 1364 annuo
1823 1298 2174 1363 terminato
2217 1303 2372 1363 ante
2415 1296 2596 1362 diem
2625 1318 2738 1362 111.
2769 1296 2838 1363 N
2840 1320 2971 1363 onas

562 1400 862 1478 Sextiles,
915 1423 1063 1465 cum
1111 1402 1198 1465 ad
1246 1400 1473 1466 Sidam
1518 1401 1676 1466 navi
1718 1402 2084 1467 accederem
2131 1406 2198 1466 et
2246 1423 2502 1466 mecum
2549 1400 2634 1471 Q.
2685 1400 2970 1467 Servilius

566 1512 757 1581 esset,
788 1505 1045 1569 litterae
1071 1528 1113 1568 a
1139 1506 1303 1569 meis
1341 1509 1496 1569 sunt
1534 1505 1848 1571 redditae.
1938 1504 2104 1571 Dixi
2132 1504 2356 1570 statim
2385 1503 2968 1570 Servilio—etenim

571 1607 912 1672 videbatur
966 1630 1102 1672 esse
1159 1614 1681 1673 commotus—ut
1738 1609 1960 1674 omnia
2016 1632 2058 1673 a
2112 1632 2218 1674 me
2275 1607 2524 1673 maiora
2572 1613 2969 1694 exspectaret.

567 1712 750 1781 Quid
776 1711 988 1776 multa
1006 1712 1040 1775 Ρ
1082 1710 1569 1778 benevolentior
1611 1711 1739 1777 tibi
1781 1735 1980 1798 quam
2023 1711 2127 1777 fui
2167 1710 2377 1776 nihilo
2407 1733 2557 1776 sum
2586 1712 2822 1792 faetus,
2851 1711 2971 1777 dili-

562 1815 828 1900 gentior
885 1815 971 1879 ad
1020 1815 1481 1880 declarandam
1536 1814 2062 1880 benevolentiam
2106 1815 2337 1880 multo.
2426 1814 2633 1895 Nam,
2694 1821 2774 1881 ut
2816 1821 2973 1881 vetus

568 1924 791 1983 nostra
817 1918 1112 1983 simultas
1141 1923 1335 1983 antea
1362 1918 1744 1984 stimulabat
1765 1941 1888 1997 me,
1914 1924 1993 1984 ut
2010 1942 2300 1985 caverem
2327 1942 2412 1984 ne
2442 1921 2549 1985 cui
2571 1920 2972 2005 suspicionem

570 2021 716 2086 ficte
771 2021 1220 2086 reconciliatae
1263 2022 1515 2108 gratiae
1565 2023 1812 2103 darem,
1861 2022 1953 2088 sic
1995 2023 2299 2089 adfinitas
2336 2045 2512 2089 nova
2556 2045 2739 2088 nunc
2780 2045 2970 2089 curam

570 2124 735 2189 mihi
763 2125 979 2190 adfert
1007 2125 1279 2190 cavendi
1304 2148 1390 2191 ne
1419 2126 1582 2212 quid
1610 2128 1692 2192 de
1737 2148 1991 2192 summo
2034 2149 2177 2192 meo
2218 2149 2376 2213 erga
2402 2132 2472 2192 te
2500 2149 2723 2192 amore
2753 2129 2968 2193 deu-ac-

569 2235 713 2294 tum
741 2250 876 2293 esse
904 2227 1222 2294 videatur.

784 2539 1227 2607 CCLXXVI.
1319 2541 1660 2610 CICERO
1710 2542 1828 2610 ΤΟ
1873 2541 2280 2610 ATTIOUS
2327 2541 2520 2628 (Arr.
2569 2566 2666 2608 vl.
2717 2545 2797 2630 a).

1164 2752 1230 2794 A.
1265 2752 1332 2795 u,
1365 2752 1420 2795 c.
1456 2750 1554 2800 704
1581 2756 1598 2811 3
1644 2754 1706 2796 B.
1739 2754 1794 2796 c.
1826 2752 1929 2812 503
1961 2752 2111 2797 ΛΒΤ.
2146 2752 2266 2796 olo.
2299 2751 2382 2799 66.

686 2915 763 2965 De
800 2915 907 2964 filia
937 2915 997 2965 P.
1024 2915 1310 2966 Dolabellae
1345 2917 1600 2980 desponsa,
1635 2918 1696 2967 de
1730 2918 1964 2983 προπύλῳ
2000 2918 2311 2980 Academiae,
2345 2919 2407 2968 de
2439 2918 2705 2970 Hortensii
2732 2925 2897 2979 mmm,
2927 2919 2975 2967 de

588 2996 749 3047 causis
769 3012 920 3061 quam
942 2995 1006 3046 ob
1028 3012 1133 3047 rem
1156 2997 1381 3047 Caelium
1402 2997 1687 3061 provinciae
1707 2998 2017 3062 praefecerit,
2043 3001 2105 3049 de
2126 3015 2215 3064 spe
2234 3016 2325 3050 sua
2344 2999 2401 3049 in
2422 3001 2642 3050 decessu.

1411 3162 1679 3217 CICERO
1716 3163 1980 3218 ATTICO
2017 3164 2171 3218 SAL.

716 3316 774 3377 1.
823 3310 996 3397 Eg0,
1030 3313 1187 3377 dum
1217 3311 1289 3377 in
1320 3312 1656 3397 provincia
1694 3310 1994 3377 omnibus
2032 3310 2223 3376 rebus
2255 3310 2547 3397 Appium
2577 3334 2757 3393 cmc,
2787 3310 2974 3377 subito

588 3438 728 3481 sum
749 3416 963 3480 factus
986 3415 1370 3480 accusatoris
1397 3414 1535 3481 eius
1563 3438 1760 3482 socer.
1824 3416 1908 3481 Id
1925 3416 2208 3501 quidem,
2238 3415 2475 3500 inquis,
2501 3416 2571 3480 di
2602 3414 2971 3503 approbent!

588 3584 716 3634 Iam
737 3600 860 3649 very
883 3585 1005 3633 hard
1026 3590 1120 3647 put
1141 3592 1192 3634 to
1213 3583 1257 3633 it
1277 3583 1379 3634 this
1406 3584 1526 3648 long
1546 3585 1668 3635 time
1689 3584 1745 3635 in

588 3667 672 3714 my
705 3649 875 3698 efforts
906 3655 959 3698 to
1003 3656 1192 3712 protect
1225 3650 1369 3699 those
1404 3650 1564 3699 whom
1602 3650 1630 3699 I
1665 3666 1744 3699 am

588 3716 753 3765 bound
780 3721 831 3764 to
862 3721 1067 3777 protect,
1095 3714 1309 3763 without
1330 3714 1582 3778 offending
1601 3716 1740 3779 you.’

652 3783 750 3828 iam
774 3779 909 3844 tunc]
946 3784 958 3805 ‘
974 3786 1028 3828 at
1048 3779 1159 3828 that
1176 3796 1235 3828 ve
1311 3779 1466 3840 time,’
1490 3780 1641 3829 Arch.
1662 3784 1741 3829 11.

651 3861 746 3893 non
776 3845 977 3909 maiore]
1050 3848 1168 3893 ‘not
1193 3844 1246 3892 in
1282 3846 1370 3893 ced
1399 3844 1522 3893 with
1552 3852 1746 3908 greater

592 3910 808 3969 interest,
844 3909 937 3958 but
966 3924 1103 3958 more
1134 3909 1503 3973 energetically,
1539 3910 1740 3975 openly,

592 3976 686 4025 aud
708 3974 1003 4037 markedly.’

654 4039 981 4103 defendissem]
1063 4037 1233 4087 Cicero
1265 4054 1434 4087 means
1464 4038 1577 4087 that
1606 4038 1650 4088 if
1681 4039 1747 4089 he

596 4106 686 4155 had
702 4112 791 4154 not
806 4104 1005 4169 already
1018 4103 1194 4152 settled
1216 4103 1513 4167 everything
1535 4103 1747 4168 relating

596 4177 642 4220 to
664 4169 871 4233 Appius'
904 4172 1226 4232 government
1253 4167 1308 4217 of
1338 4168 1513 4217 Cilicia
1540 4168 1597 4218 in
1625 4170 1748 4219 such

592 4252 621 4285 a
655 4251 860 4284 manner
893 4236 1006 4284 that
1033 4232 1240 4296 Appius'
1279 4233 1476 4298 dignity
1514 4249 1617 4283 was
1655 4249 1744 4283 en-

596 4301 796 4360 hanced,
822 4300 886 4349 he
912 4298 1075 4349 would
1105 4299 1233 4347 have
1263 4301 1405 4347 made
1431 4299 1584 4348 much
1616 4313 1750 4347 more

596 4365 797 4414 obvious
829 4365 1075 4415 exertions
1107 4363 1160 4411 in
1192 4363 1303 4411 that
1330 4363 1570 4413 direction
1601 4363 1748 4413 when

596 4428 801 4476 Tullia's
823 4430 1062 4491 marriage
1085 4443 1185 4476 was
1207 4429 1511 4477 announced.

627 4498 674 4540 4.
696 4495 821 4540 Dixi
841 4529 853 4542 .
884 4529 897 4542 .
927 4530 939 4541 .
966 4500 1020 4541 ut
1039 4528 1052 4542 .
1081 4526 1095 4540 .
1124 4528 1137 4540 .
1155 4491 1443 4557 expectaret]
1482 4496 1496 4520 ‘
1514 4491 1542 4541 1
1559 4499 1613 4542 at
1628 4507 1750 4542 once

1843 3584 1952 3634 told
1974 3583 2357 3633 Servilius—for
2375 3583 2441 3633 he
2461 3586 2658 3634 seemed
2682 3592 2736 3635 to
2755 3586 2818 3635 be
2836 3584 2976 3634 rutha

1843 3655 1935 3715 put
1957 3649 2222 3699 out—that
2241 3648 2306 3698 he
2328 3648 2488 3711 might
2511 3650 2694 3700 reckou
2715 3667 2777 3700 on
2797 3666 2893 3714 any
2910 3648 2976 3696 aid

1847 3715 1875 3764 I
1899 3714 2044 3764 could
2066 3713 2179 3777 give
2205 3713 2261 3762 in
2292 3714 2453 3777 larger
2477 3716 2732 3765 measure’
2764 3717 2850 3779 (sc.
2874 3714 2973 3764 thn

1845 3795 1948 3829 was
1969 3787 2107 3829 wont
2133 3784 2189 3828 to
2214 3779 2277 3828 be
2305 3779 2472 3842 given)
2544 3778 2785 3830 Servilius
2805 3796 2900 3829 was
2924 3793 2974 3825 nn

1845 3850 1996 3907 agent
2037 3843 2093 3893 of
2134 3842 2342 3906 Appius,
2386 3843 2530 3892 Fam.
2577 3844 2652 3893 iii.
2696 3850 2772 3903 10,
2811 3849 2857 3903 2,
2897 3842 2973 3904 131»

1845 3909 1993 3959 cclxi.
2063 3909 2164 3957 For
2192 3910 2298 3957 dixi
2324 3945 2338 3956 .
2368 3944 2380 3956 .
2410 3945 2424 3956 .
2450 3915 2523 3969 ut,
2555 3925 2636 3971 cp.
2662 3909 2826 3959 Plaut.
2849 3907 2969 3958 Asin,

1845 3990 1898 4023 v.
1925 3978 1972 4034 2,
2000 3976 2079 4034 88,
2107 3974 2310 4022 dicebam
2329 3979 2475 4033 pater
2509 3974 2597 4021 tihi
2631 3991 2689 4023 ne
2713 3977 2858 4023 matri
2882 3989 2971 4021 oan-

1845 4041 2021 4088 sulem
2063 4040 2186 4087 male
2207 4054 2228 4087 .·
2276 4037 2374 4088 Ov.
2412 4039 2475 4087 A.
2517 4039 2581 4087 A.
2623 4038 2679 4088 ii.
2723 4041 2849 4098 225;
2890 4037 2974 4087 alno

1912 4175 1967 4217 ut
1999 4140 2211 4216 caverem·
2237 4183 2295 4215 ne
2326 4165 2428 4241 cut]
2498 4171 2584 4217 ‘to
2617 4169 2771 4231 guard
2806 4166 2973 4232 against

1847 4233 2054 4308 causing
2086 4249 2188 4297 any
2230 4231 2496 4307 ειιειριοιοιι.
2512 4232 2624 4282 that
2665 4249 2756 4283 our
2784 4231 2975 4282 resta-ed

1848 4298 2162 4412 frjpanssliness
2224 4312 2328 4346 was
2403 4298 2683 4347 insumere!
2782 4300 2967 4354 Summo,

1921 4497 1965 4539 l.
2002 4489 2315 4555 accusatoris]
2384 4489 2661 4541 Dolabella.
