3150 5109
481 526 653 594 OOXLII.
680 528 802 612 (Fara
835 527 935 594 VIII.
961 529 1006 612 6).
1283 530 1345 596 147

247 980 419 1049 coxan.
464 981 668 1050 carmus
690 981 749 1050 ro
773 981 943 1050 crunno
969 983 1073 1070 (rra.
1096 1006 1171 1051 vm.
1197 986 1237 1069 a).

321 1234 524 1296 Pressuram
547 1235 580 1279 Δ.
597 1235 631 1280 U·
648 1235 676 1279 0·
693 1230 761 1294 7043
785 1235 816 1280 Β.
833 1234 860 1279 G.
877 1235 928 1295 603
952 1235 1027 1280 ΑΕΤ.
1043 1236 1102 1280 010.
1119 1235 1161 1283 66.

194 1456 232 1506 M.
245 1456 343 1507 (laelius
352 1456 463 1522 Appium
476 1472 491 1506 a
507 1455 635 1507 Dolabella
652 1459 794 1507 aooumtum
811 1456 944 1507 maximam
961 1456 1048 1508 scribit
1061 1473 1130 1522 spem
1140 1456 1168 1507 in
1178 1455 1216 1509 hi.
1229 1456 1347 1510 Gioerone

146 1537 250 1590 habero:
270 1539 300 1589 de
310 1538 437 1589 adfinitate
447 1554 505 1589 oum
514 1538 645 1590 Dolabella
654 1538 789 1604 iungenda,
802 1539 833 1589 de
843 1554 870 1589 re
880 1537 990 1604 publiea.

549 1771 705 1827 clauus
723 1770 897 1827 CICERONI
916 1770 944 1826 S.

213 1966 243 2032 1.
266 1964 344 2032 Non
368 1964 481 2031 dubito
502 1966 582 2052 quin
602 1966 763 2053 perlatum
785 1967 828 2032 ad
847 1969 880 2032 te
902 1964 954 2048 sit,
970 1963 1118 2053 Appium
1140 1985 1161 2030 a
1178 1963 1348 2031 Dolabella

147 2092 238 2135 reum
262 2068 404 2136 laetum:
439 2091 516 2135 sane
541 2091 641 2157 quam
667 2092 735 2136 non
761 2091 810 2149 ea,
835 2091 901 2155 qua
925 2067 1193 2147 existimaveram,
1214 2067 1347 2134 invidia.

146 2172 263 2259 Neque
278 2172 365 2239 enim
380 2172 479 2239 stulte
494 2172 644 2260 Appius:
667 2174 735 2261 qui,
756 2172 855 2239 simul
869 2177 966 2257 atque
979 2170 1152 2238 Dolabella
1166 2172 1296 2238 aooessit
1309 2171 1353 2237 ad

145 2275 299 2357 tribunal,
313 2276 482 2343 introierat
495 2276 532 2341 in
545 2275 659 2343 urbem
673 2275 897 2363 triumphique
910 2275 1162 2363 postulationem
1181 2274 1349 2343 abieoerat.

146 2378 221 2453 Quo
241 2379 327 2446 laeto
347 2379 483 2445 rettudit
504 2401 664 2446 semones
685 2380 892 2465 paratiorque
911 2379 998 2445 visus
1018 2385 1065 2445 est
1087 2401 1185 2465 quam
1206 2401 1351 2465 sperave·

145 2488 197 2549 rat
221 2488 393 2549 uoousator.
437 2480 474 2548 Is
495 2483 644 2548 nuncin
667 2485 700 2548 te
724 2482 901 2548 maximam
930 2503 1020 2568 spem
1042 2481 1150 2547 hebet.
1195 2480 1267 2547 Soio
1290 2481 1352 2549 tibi

146 2609 221 2653 eum
235 2608 302 2651 non
321 2607 388 2651 esse
407 2586 491 2652 odio.
536 2585 645 2658 Quam
665 2584 746 2651 velis
765 2606 841 2650 eum
865 2582 1009 2670 obligare
1029 2583 1066 2649 in
1086 2587 1145 2649 tua
1165 2605 1267 2651 manu
1280 2589 1349 2650 est:

147 2711 220 2754 oum
235 2710 298 2774 qno
320 2692 348 2752 si
368 2686 515 2752 simultas
528 2686 592 2753 tibi
614 2708 680 2753 non
701 2687 827 2769 fuisset,
849 2686 983 2754 liberius
996 2685 1058 2753 tibi
1073 2688 1113 2752 de
1126 2690 1195 2752 tota
1209 2709 1244 2754 re
1258 2691 1349 2754 esset.

146 2788 246 2857 Nune
274 2790 302 2855 si
327 2791 370 2855 ad
394 2789 486 2855 illam
515 2811 675 2856 summam
703 2790 877 2857 veritatem
905 2788 1090 2877 legitimum
1114 2789 1166 2855 ius
1193 2790 1348 2877 exegeris,

147 2894 327 2959 cavendum
348 2891 411 2958 tibi
433 2892 494 2958 erit
519 2914 562 2959 ne
585 2914 701 2978 parum
729 2892 920 2981 simplieiter
949 2896 982 2959 et
1010 2893 1147 2959 eandida
1175 2893 1351 2980 deposuisse

146 2996 332 3062 inimisitias
346 2994 494 3061 videaris.
537 2993 582 3060 In
595 2995 679 3062 hano
692 3000 820 3082 partem
833 3016 928 3083 porro
943 2999 1053 3062 tutum
1066 2994 1128 3061 tibi
1142 2995 1214 3077 erit,
1229 2996 1257 3062 ai
1271 2997 1351 3082 quid

147 3099 295 3181 volueris,
309 3097 505 3187 gratifioari:
527 3119 623 3165 nemo
638 3099 727 3166 enim
747 3098 983 3166 neeessitudine
998 3103 1031 3165 et
1045 3098 1187 3165 amioitia
1199 3103 1233 3166 te
1247 3100 1351 3166 deter-

181 3334 203 3380 1.
221 3327 402 3394 raumsaotam]
438 3343 473 3377 se.
490 3326 520 3378 ol
534 3328 655 3391 maiestas,
672 3328 724 3380 eri·
775 3326 1352 3393 wheremmisemphatioorademonstrative

146 3395 232 3460 dently
243 3395 326 3458 owing
336 3400 362 3443 to
373 3391 512 3456 something
522 3394 655 3443 connected
662 3393 726 3444 with
773 3409 887 3458 pronoun
897 3393 1052 3453 understood,
1069 3408 1120 3441 cum
1134 3392 1156 3442 is
1169 3392 1255 3456 plaoed
1269 3394 1354 3446 before

145 3461 189 3511 the
203 3457 328 3522 prorinoe.
361 3457 454 3521 Zumpt
469 3459 673 3521 (Criminalreelt,
696 3458 724 3510 ii.
774 3459 819 3509 the
830 3458 949 3509 relative:
967 3474 1006 3523 op.
1019 3457 1069 3508 Off.
1081 3456 1110 3507 ii.
1127 3460 1167 3518 82,
1185 3459 1354 3510 adhibuitrits'

150 3529 172 3586 l,
197 3525 254 3589 386)
277 3523 363 3573 thinks
384 3522 427 3572 the
448 3521 539 3581 formal
560 3523 657 3586 ground
674 3539 726 3573 was
775 3525 937 3573 {nemaeum
948 3524 1079 3586 qaindecim
1091 3525 1216 3584 priempea
1230 3538 1281 3572 eron
1298 3526 1352 3587 qui-

146 3589 251 3654 perhaps
261 3589 365 3638 beeause
374 3589 413 3650 Ap
430 3586 469 3637 ius
485 3592 554 3637 went
568 3591 595 3638 to
610 3587 650 3637 hia
666 3603 723 3652 pro·
775 3587 818 3637 Itu
838 3587 888 3637 ie.
901 3594 924 3637 et
934 3602 987 3637 cum
998 3587 1040 3653 tta)
1051 3602 1134 3636 causas
1144 3589 1258 3650 eoqnooa't.

146 3653 219 3704 vinee
230 3653 337 3703 without
346 3651 391 3702 the
400 3603 452 3701 Da
467 3655 562 3701 carim
576 3655 724 3714 deimporio.
776 3714 783 3728 ι
808 3654 828 3701 l'
872 3651 919 3718 ἀι]
955 3655 1023 3728 ‘pou
1037 3651 1110 3702 oosdd
1123 3652 1187 3702 have
1203 3652 1273 3703 aoted
1283 3669 1351 3705 more

147 3717 202 3769 The
212 3717 313 3768 defenoe
323 3732 375 3765 was
386 3717 520 3766 oonduoted
530 3715 566 3782 by
576 3716 726 3767 Hortensius
774 3717 819 3766 1nd
881 3715 1050 3781 deutlymthe
1057 3715 1137 3766 whole
1144 3716 1249 3767 mutter!
1266 3717 1352 3769 Cioero

147 3784 198 3834 and
208 3782 309 3843 Brutus,
322 3782 371 3831 and
381 3781 425 3830 the
435 3781 726 3846 resultwaaaoomplete
774 3796 815 3832 wo
843 3781 933 3831 dhare
950 3780 1090 3844 sddmaqia
1104 3782 1280 3845 introrumte'ti
1293 3790 1351 3833 erret

146 3847 267 3963 Ecqua&
278 3846 361 3912 (Brut.
374 3849 430 3908 230,
444 3848 506 3905 3243
521 3845 638 3896 Famiii.
649 3851 687 3908 ll,
699 3849 723 3908 3,
775 3845 898 3959 Plupgers
912 3860 1027 3911 proposes
1042 3850 1069 3896 to
1087 3846 1135 3896 add
1154 3847 1269 3896 indutum
1286 3848 1351 3899 aster

147 3911 331 4094 herii]
373 3990 412 4038 ψ·
432 3973 724 4039 ΜΜΜ
773 3925 1354 4105 {frustrabuntur

175 4105 289 4173 Appius]
306 4105 416 4168 susard.
435 4101 725 4167 Forenipaeincioero‘s
773 4104 890 4154 standard
905 4103 934 4154 of
951 4104 1087 4155 “absolata
1101 4103 1266 4155 secumdam
1300 4104 1354 4156 The

149 4172 243 4232 letters,
261 4185 301 4221 seo
317 4168 420 4234 Drager,
436 4170 447 4234 t
462 4172 516 4229 116,
538 4169 587 4218 and
602 4168 643 4218 ior
658 4183 726 4220 sorno
774 4168 888 4219 inserted
899 4175 1140 4233 oommasrepresent
1150 4171 1226 4219 illam

149 4234 399 4300 strikingexamples,
412 4232 723 4297 seeIntr0d.toI²,p.'l⁰.
802 4250 893 4295 param
914 4236 1057 4295 simpliciter
1077 4240 1101 4283 at
1121 4232 1230 4300 mido]
1274 4234 1353 4285 ‘with

180 4300 296 4376 rettudit]
332 4298 406 4350 ‘toolr
435 4298 478 4349 the
503 4299 564 4362 edge
593 4297 658 4348 off'z
684 4313 724 4362 op.
774 4312 842 4349 some
867 4297 925 4348 laok
950 4298 979 4349 of
1009 4297 1278 4364 straightiorwardness
1303 4299 1353 4349 and

149 4365 207 4417 Liv.
227 4366 316 4415 mni.
331 4367 370 4427 ³1,
388 4366 421 4413 8:
440 4365 613 4414 &Aetolorum
629 4364 726 4427 linquar
774 4362 912 4429 sinoerity)

148 4431 376 4482 retunderaoallmt.
806 4424 986 4492 meudina]
1019 4425 1106 4478 Gioero
1120 4443 1172 4477 was
1186 4426 1352 4493 formallyro·

181 4497 245 4562 odio]
282 4494 419 4559 ‘enmity’z
444 4494 564 4554 amabar,
596 4492 673 4557 ‘prud
708 4495 723 4541 .'
774 4492 885 4543 ooneiled
910 4497 936 4542 to
957 4491 1066 4557 Appium
1092 4491 1138 4542 but
1159 4492 1232 4543 oould
1257 4498 1302 4543 not
1322 4493 1354 4544 be

181 4577 234 4611 oum
252 4560 310 4628 quo]
343 4558 426 4610 Leuis
445 4558 495 4608 and
514 4556 588 4608 Short
608 4572 654 4621 say
713 4561 727 4607 t
773 4556 883 4623 thought
891 4556 1352 4625 likelytoshowhimanypartiality.
