3150 5109
316 488 359 553 84
705 485 841 552 ooxx.
866 484 982 568 (nur.
1013 485 1052 552 v.
1075 486 1143 571 19).

313 665 418 728 oeret:
442 684 462 727 a
484 658 601 747 quibus
620 658 918 747 perspexisset-sibi
938 658 1072 725 insidias
1093 662 1231 745 paratas,
1253 659 1290 724 in
1310 680 1364 725 sos
1377 662 1493 725 uteretur

313 766 384 831 iure
397 765 508 852 regio:
531 786 637 851 poena
658 763 810 830 adficeret
829 785 893 844 eos,
909 785 989 849 quos
1010 784 1136 829 necesse
1157 768 1250 842 esset,
1269 763 1413 849 reliquos
1431 768 1491 830 meto

313 868 484 936 liberaret:
507 867 667 956 praesidio
689 868 849 935 exercitus
869 868 934 933 mei
956 869 999 933 ad
1018 889 1139 948 eorum,
1158 867 1216 953 qui
1232 868 1269 932 in
1290 868 1388 953 culpa
1407 876 1492 945 esseut¹

312 973 463 1039 timorem
491 972 600 1058 potius
629 993 729 1057 quam
757 972 801 1038 ad
832 971 1073 1038 contentionem
1104 974 1268 1036 uteretur:
1306 970 1378 1036 fore
1412 976 1492 1037 anco

313 1080 352 1143 ut
372 1097 494 1151 omnes,
517 1075 673 1160 quoniam
694 1079 825 1141 senatus
847 1074 1031 1140 consudtum
1052 1077 1192 1154 nossent,
1218 1072 1492 1160 intellegerentur

312 1179 394 1267 regi,
409 1179 438 1245 si
452 1201 533 1265 opus
546 1182 638 1257 esset,
655 1201 696 1245 ex
710 1178 900 1246 auctoritate
915 1182 1021 1246 vestra
1034 1179 1194 1264 praesidio
1208 1178 1368 1244 fotinum
1411 1178 1440 1244 8.
1458 1177 1492 1244 lc

313 1284 501 1351 confirmato
527 1283 584 1349 illc
609 1305 651 1348 ex
673 1304 711 1349 eo
736 1282 806 1349 loco
832 1287 937 1349 castm
964 1283 1063 1363 movi,
1092 1281 1156 1348 iter
1183 1282 1220 1346 in
1242 1280 1391 1348 Ciliciam
1416 1282 1493 1348 hoen

311 1387 461 1454 institui:
485 1409 559 1453 oum
581 1384 642 1452 hac
663 1385 816 1473 opinione
838 1408 856 1452 e
878 1385 1083 1473 Cappadocia
1102 1386 1308 1467 discederem,
1331 1389 1369 1452 ut
1390 1385 1493 1451 manlio

313 1496 428 1572 vestro,
444 1513 520 1557 casu
533 1489 717 1556 incredibili
738 1512 776 1557 ac
796 1512 899 1577 paene
914 1490 1025 1556 divino
1045 1511 1167 1578 regem,
1182 1512 1280 1575 quem
1294 1512 1351 1555 vos
1369 1488 1492 1555 honorit-

313 1595 494 1662 oentissime
516 1593 736 1681 appellassetis
750 1594 843 1660 nullo
862 1594 1047 1681 postulante
1062 1616 1222 1680 quemque
1239 1615 1331 1659 meae
1345 1593 1418 1659 fidei
1430 1615 1493 1659 cou-

313 1698 525 1765 mendassstis
543 1702 575 1764 et
590 1698 682 1764 cuius
703 1696 843 1763 salutem
864 1720 1004 1784 magnae
1019 1696 1112 1764 vobis
1128 1720 1224 1764 curae
1240 1719 1307 1763 esse
1327 1695 1493 1773 decresseta

312 1824 404 1868 meus
418 1802 577 1868 adventus
590 1800 814 1888 praesentibus
827 1801 956 1867 insidiis
969 1801 1148 1868 liberasset.
1194 1801 1293 1874 Quod
1306 1802 1350 1868 ad
1363 1821 1416 1866 vos
1427 1821 1447 1865 a
1457 1821 1493 1865 ns

312 1905 408 1972 scribi
433 1928 500 1972 non
523 1905 666 1971 alionum
692 1904 817 1989 putavi,
843 1911 879 1970 ot
903 1905 1137 1993 intellegeretis
1160 1928 1201 1971 ex
1225 1905 1277 1986 iis,
1307 1927 1389 1991 quae
1413 1927 1493 1991 paene

310 2009 505 2091 aeciderunt,
521 2032 578 2075 vos
591 2009 696 2075 multo
710 2013 797 2091 ante,
819 2033 863 2076 ne
884 2032 923 2076 ea
937 2009 1128 2090 assiderent,
1144 2009 1333 2095 providisse,
1349 2030 1441 2094 eoque
1454 2028 1493 2072 ves

311 2113 487 2180 studiosius
503 2113 567 2179 feci
588 2112 747 2192 certiores,
771 2113 860 2198 quod
876 2113 912 2178 in
931 2135 1009 2200 rege
1027 2112 1247 2180 Ariobarzane
1265 2136 1304 2180 ea
1324 2112 1402 2179 mihi
1419 2111 1492 2198 signs
1524 2194 1525 2197 Ἴ

311 2217 422 2283 videor
435 2216 575 2297 virtutis,
591 2215 728 2304 ingenii,
738 2215 814 2281 fidei
828 2215 1135 2304 benevolentiaeque
1150 2240 1228 2304 erga
1242 2239 1299 2283 vos
1312 2216 1491 2305 perspexise,

310 2324 429 2386 utnon
443 2321 512 2386 sine
526 2342 622 2387 causa
638 2323 763 2386 tantam
777 2341 889 2387 euram
902 2320 939 2386 in
953 2320 1023 2387 sius
1032 2343 1089 2388 vos
1103 2321 1241 2389 salutem
1251 2321 1492 2408 diligentiamque

309 2423 485 2492 videamini
499 2422 680 2491 contudisse.

552 2775 687 2843 OOXX.
734 2775 794 2843 ΤΟ
818 2775 1020 2844 ATTIOUS
1046 2776 1143 2863 (Aru.
1166 2801 1198 2844 v.
1224 2780 1281 2860 19).

602 2970 634 3011 Α.
652 2968 686 3012 U.
703 2969 731 3012 C·
748 2965 818 3028 7033
841 2970 872 3013 B.
890 2968 917 3013 0.
935 2969 986 3030 613
1010 2971 1086 3015 ΑΕΤ.
1102 2971 1162 3016 010.
1179 2971 1221 3017 65.

357 3111 394 3164 Μ.
406 3110 492 3162 Cicero
504 3112 611 3176 acceptis
626 3113 657 3163 cb
671 3113 756 3164 Attico
771 3113 863 3165 litteris
873 3113 923 3165 iam
939 3131 990 3166 non
1001 3114 1099 3167 dubitat
1109 3115 1171 3181 quin
1186 3115 1229 3166 ille
1239 3117 1268 3165 in
1278 3115 1381 3180 Epirum
1389 3112 1491 3179 1³1ch

309 3194 349 3255 sit,
367 3194 436 3244 addit
446 3195 477 3244 de
491 3194 613 3244 Attiliano
629 3194 738 3255 nomine,
758 3196 790 3245 de
808 3195 877 3246 fama
894 3196 1012 3246 itinerum
1031 3213 1139 3255 suorum,
1160 3198 1191 3247 de
1209 3197 1288 3247 liliola
1305 3198 1386 3247 Attico
1401 3200 1456 3256 mla,
1467 3192 1491 3240 ὼ

309 3273 415 3325 Patrone
432 3283 458 3325 ot
474 3274 553 3326 Attici
572 3275 755 3339 condiscipulis,
769 3277 801 3326 de
822 3277 921 3341 repulsa
941 3277 1003 3342 eius,
1027 3278 1072 3343 qui
1090 3294 1147 3329 cum
1163 3284 1253 3343 patruo
1269 3279 1317 3329 filii
1335 3277 1418 3330 sororis
1431 3272 1489 3327 litei

308 3361 421 3407 nemrot.
456 3356 552 3422 Scripta
563 3356 667 3421 epistola
676 3364 714 3409 est
725 3357 752 3407 in
764 3357 861 3409 Cilicia.

724 3557 856 3614 CICERO
876 3558 1009 3616 Affloo
1029 3560 1106 3616 SAL.

366 3679 396 3744 l.
416 3676 887 3767 Obsignaramiamepistolam
898 3680 1489 3771 samquamputotemodopsrlegiaa

311 3780 462 3866 scriptam
483 3802 557 3848 msa
572 3806 683 3866 manu,
699 3784 734 3851 in
755 3808 821 3872 qua
839 3787 950 3853 omnia
963 3789 1178 3870 eontinentur,
1193 3811 1268 3855 cum
1290 3787 1392 3854 subito
1407 3779 1490 3870 Appii

344 3970 451 4017 timorem
485 4006 491 4016 .
529 4007 534 4017 .
572 4008 578 4019 .
624 3972 805 4038 contentionem]
850 3977 888 4024 ‘tc
937 3975 1203 4027 historioaltenselike
1213 3978 1358 4026 discederem.
1524 4010 1525 4027 r

310 4033 722 4086 overaveratherthantoootivsl
751 4037 853 4087 coeroe.’
970 4041 1011 4107 not]
1055 4041 1116 4091 'l'his
1137 4042 1214 4103 word,
1237 4041 1339 4092 omitted
1361 4038 1386 4088 in
1406 4034 1435 4085 cl]
1452 4045 1489 4081 ΙΙ
1524 4058 1525 4061 “

342 4098 471 4149 aon.
507 4135 514 4175 .·
549 4053 841 4230 .ιίι“εοειίινοηιῖ*κῠι“ι
867 4102 885 4152 ’:
937 4105 1003 4183 after
1029 4109 1126 4169 putant
1153 4105 1199 4156 has
1228 4106 1291 4157 been
1317 4103 1390 4155 added
1413 4094 1489 4164 bydl

310 4162 699 4292 illddiulldng‘tlffldtiam
727 4174 811 4227 ‘W'
937 4172 1082 4286 ⁰³²3&
1118 4272 1126 4287 .
1161 4272 1168 4286 .
1199 4220 1389 4299 carantanos

343 4292 437 4358 dimne]
474 4292 670 4356 ‘providentiol'
935 4316 993 4350 osrn
1010 4300 1051 4352 ior
1068 4298 1108 4350 his
1125 4299 1207 4367 safety
1224 4300 1273 4350 and
1292 4229 1406 4350 attentitd
1419 4238 1487 4366 ff

343 4356 477 4424 liberasset]
511 4358 578 4408 Most
588 4359 884 4421 maurentionem,-
936 4365 985 4416 For
995 4365 1039 4416 the
1048 4365 1210 4431 hyperbaton,
1224 4381 1263 4429 op.
1276 4364 1326 4416 vol.
1337 4363 1363 4413 ii.
1374 4377 1397 4426 p.
1407 4371 1458 4408 ml·

310 4421 461 4486 Wesenberg
472 4423 537 4483 (Em.
553 4425 610 4473 Au.
627 4425 669 4487 51)
683 4424 757 4474 alters
771 4431 798 4475 tc
811 4426 882 4475 liter·

309 4495 370 4535 osea
382 4488 581 4553 (liberantium),
595 4488 708 4553 pointing
722 4489 885 4541 cutthatthe
968 4498 981 4545 1
1011 4497 1135 4558 opicum
1163 4533 1170 4545 ,
1207 4532 1213 4545 ,
1250 4532 1256 4543 ,
1290 4484 1438 4551 mem]
1454 4480 1487 4530 m

309 4563 373 4627 peri.
386 4563 544 4631 subjunctive
559 4565 581 4615 is
599 4572 644 4617 not
653 4565 782 4617 allevable
793 4567 885 4617 altera
933 4560 1096 4612 lettsrtothe
1107 4558 1398 4625 tmsnfiomcybistra
