3150 5109
275 444 318 510 ss
669 444 769 511 σοι.
797 445 918 529 (rsa.
943 445 1016 511 ΠΙ.
1040 448 1087 529 s).

275 619 381 706 magis
402 641 462 685 nos
486 618 547 684 hoc
572 618 681 684 animo
703 640 891 704 essequam
912 641 980 685 non
1000 619 1188 707 intellegere
1208 620 1369 687 videntur.
1410 619 1465 686 Sed
1538 640 1541 675 ἐ

274 723 417 809 prolecto
437 723 648 808 intellegent:
671 744 777 807 neque
799 723 886 789 enim
908 723 1050 790 obscuris
1071 727 1213 811 personis
1234 747 1295 791 nec
1315 725 1463 811 parsisin
1538 754 1541 781 ι

274 827 377 893 causis
390 850 442 893 res
456 832 580 913 agetur.
624 824 689 891 Sed
703 826 782 892 haec
800 827 870 892 fieri
884 827 1000 893 melius
1015 850 1113 914 quam
1127 829 1192 895 dici
1207 833 1265 894 aut
1286 828 1381 894 scribi
1393 830 1463 895 volo.
1540 876 1541 885 ι

274 932 304 995 3.
329 928 428 1002 Quod
448 931 604 996 itinerum
624 952 769 996 meorum
791 930 875 996 ratio
896 936 930 997 te
951 953 1018 997 non
1039 932 1165 998 nullam
1184 933 1221 997 in
1243 931 1466 998 dubitationem
1540 952 1541 989 ;

274 1034 403 1101 videtur
418 1035 585 1115 adducere,
597 1035 766 1100 visurusne
780 1056 833 1099 me
848 1034 891 1100 sis
905 1034 940 1100 in
954 1035 1130 1121 provincia,
1143 1059 1181 1101 ea
1194 1059 1245 1102 res
1259 1037 1303 1101 sic
1318 1059 1352 1101 se
1365 1035 1464 1101 habet:
1540 1032 1541 1094 ἶ

274 1135 444 1203 Brundisii
462 1161 535 1204 oum
555 1139 702 1224 loquerer
716 1160 791 1203 cum
808 1136 937 1204 Phania
958 1137 1074 1204 liberto
1095 1144 1162 1219 tuo,
1178 1140 1253 1205 veni
1275 1140 1310 1205 in
1326 1162 1399 1205 eum
1412 1162 1467 1204 ser·
1540 1172 1541 1199 ι

273 1263 414 1323 monem,
429 1247 467 1308 ut
482 1242 621 1308 dicerem
634 1264 686 1308 me
700 1241 841 1307 libenter
854 1243 898 1307 ad
915 1264 988 1308 eam
1002 1252 1128 1328 partem
1142 1243 1326 1330 provinciae
1339 1243 1467 1329 primum
1540 1266 1541 1279 ¹

275 1367 341 1411 esse
363 1351 547 1425 venturum,
571 1368 634 1433 quo
655 1351 689 1412 te
711 1347 854 1412 maxime
875 1346 958 1412 velle
980 1345 1162 1412 arbitrarer.
1208 1345 1301 1412 'llius
1322 1346 1402 1412 mihi
1420 1345 1468 1411 ille
1540 1370 1541 1429 ι

275 1449 368 1528 dixit,
385 1451 473 1536 quod
487 1450 585 1516 classe
605 1454 643 1515 tu
662 1450 762 1516 velles
781 1450 944 1531 decedere,
959 1472 1017 1536 por
1031 1450 1101 1516 iore
1120 1451 1393 1521 accommodatam
1405 1448 1468 1527 tibi,
1540 1506 1541 1511 ,

274 1553 302 1617 si
326 1556 368 1619 ad
396 1555 489 1619 illam
514 1553 712 1619 maritimam
740 1559 869 1640 partem
897 1554 1081 1640 provinciae
1106 1554 1243 1620 navibus
1271 1554 1467 1620 accessissem

275 1655 357 1722 Dixi
381 1680 433 1724 me
462 1680 529 1723 esse
558 1658 739 1724 facturum:
770 1657 881 1744 itaque
907 1657 1062 1737 iecissem,
1088 1656 1152 1723 nisi
1175 1657 1258 1723 mihi
1279 1656 1322 1723 L.
1349 1656 1470 1722 Clodius

275 1766 384 1827 noster
399 1761 559 1846 Corcyrae
578 1762 713 1827 dixisset
732 1761 867 1827 minime
885 1761 922 1827 id
937 1783 1004 1827 esse
1019 1761 1227 1827 iaciendum:
1253 1764 1288 1826 te
1302 1759 1472 1826 Laodiceae

275 1864 346 1931 iore
368 1865 410 1931 ad
423 1888 532 1931 meum
553 1867 739 1931 adventum.
785 1864 869 1931 Erat
888 1865 924 1931 id
941 1864 1023 1930 mihi
1043 1865 1147 1930 multo
1166 1864 1296 1931 brevius
1314 1864 1470 1948 multoque

276 1969 485 2049 commodius,
501 1990 575 2034 cum
589 1969 778 2055 praesertim
797 1972 831 2035 te
848 1969 896 2034 its
909 1970 1008 2035 malle
1028 1968 1211 2035 arbitrarer.
1256 1972 1288 2033 4.
1311 1966 1383 2034 Tua
1396 1966 1471 2032 ratio

276 2075 387 2157 postea
401 2077 450 2138 est
464 2077 669 2138 commutata.
715 2072 815 2138 Nunc
829 2072 909 2159 quid
922 2072 993 2139 fieri
1007 2073 1108 2159 possit
1122 2076 1161 2138 tu
1175 2072 1330 2138 facillime
1345 2076 1470 2136 statues:

277 2197 338 2261 ego
352 2174 413 2241 tibi
427 2198 537 2242 meum
551 2176 720 2242 consilium
735 2198 905 2263 exponam.
943 2175 1054 2242 Pridie
1068 2175 1236 2242 Kalendas
1250 2175 1387 2241 Sextiles
1400 2179 1474 2260 puto

276 2301 328 2344 me
351 2278 531 2346 Laodiceae
552 2280 643 2346 iore:
667 2302 844 2367 perpaucos
864 2280 943 2361 dies,
959 2282 1038 2346 dum
1057 2281 1195 2366 pecunia
1214 2279 1377 2365 accipitur,
1397 2300 1474 2363 quae

277 2378 359 2444 mihi
374 2400 414 2443 ex
429 2379 558 2465 publica
578 2380 814 2465 permutatione
836 2378 982 2460 debetur,
997 2379 1224 2447 commorabor.
1271 2379 1396 2445 Deinde
1416 2378 1473 2443 iter

277 2481 395 2547 faciam
417 2484 460 2548 ad
481 2484 668 2564 exercitum,
684 2487 722 2547 ut
741 2483 867 2549 circiter
884 2482 966 2549 Idus
987 2482 1125 2549 Sextiles
1143 2487 1257 2570 putem
1277 2505 1329 2549 me
1349 2483 1390 2548 ad
1406 2479 1472 2546 Iso

278 2586 371 2652 nium
385 2586 465 2651 iore.
510 2585 575 2652 Sed
594 2586 623 2652 si
637 2587 716 2671 quid
729 2610 817 2652 nuno
831 2608 883 2652 me
903 2586 990 2653 fallit
1009 2587 1045 2652 in
1060 2586 1378 2673 scribendo—procul
1392 2585 1474 2650 enim

279 2688 408 2756 aberam
430 2689 472 2757 ab
488 2714 524 2756 rc
546 2692 617 2777 ipsc
634 2696 667 2757 et
688 2714 708 2756 a
729 2691 860 2772 locis—,
882 2692 980 2757 simul
998 2714 1035 2756 ac
1052 2691 1204 2778 progredi
1224 2713 1363 2777 coepero,
1381 2709 1474 2774 quam

279 2793 452 2859 celerrimis
466 2799 583 2860 notitiis
597 2798 708 2881 potero
723 2800 756 2862 et
770 2818 869 2882 quam
884 2794 1083 2861 creberrimis
1096 2795 1213 2861 litteris
1227 2795 1353 2873 faciam,
1367 2796 1404 2858 ut
1417 2791 1475 2857 tibi

279 2902 358 2963 nota
373 2899 415 2964 sit
433 2898 538 2965 omnis
556 2899 639 2965 ratio
654 2899 780 2965 dierum
801 2903 898 2986 atque
918 2900 1073 2965 itinerum
1087 2921 1242 2965 meorum.
1287 2896 1398 2963 Oneris
1417 2894 1474 2961 tibi

313 3139 337 3185 2.
355 3153 428 3200 nequo
446 3175 453 3186 .
473 3176 479 3187 .
500 3176 506 3188 .
525 3139 621 3205 metor]
646 3141 701 3189 ‘for
711 3156 757 3189 our
773 3140 858 3189 marna
908 3139 991 3189 would
1010 3137 1130 3202 certainly
1148 3136 1180 3186 be
1196 3152 1263 3186 more
1284 3134 1379 3185 natural
1397 3132 1420 3183 if
1440 3149 1477 3183 va

279 3201 333 3250 will
358 3203 456 3253 nothe
479 3206 582 3254 ensctcd
603 3205 664 3255 with
690 3204 859 3268 insignificant
908 3204 981 3254 could
997 3218 1107 3266 suppose,
1121 3218 1148 3252 as
1164 3202 1282 3251 hasbeen
1296 3202 1358 3250 done
1371 3200 1477 3263 hysoms

279 3267 425 3326 characters,
448 3284 494 3318 nor
518 3269 582 3319 with
608 3287 623 3320 a
649 3269 734 3319 trivisl
755 3270 856 3320 theme!
908 3268 998 3319 editors
1013 3268 1079 3319 since
1095 3266 1228 3327 Victorius,
1241 3265 1296 3315 that
1307 3265 1388 3315 Cicero
1402 3270 1477 3312 wrote

282 3333 393 3381 Obscuris
402 3334 542 3394 personisis
557 3351 591 3384 an
606 3334 714 3383 ablativa
728 3334 756 3383 of
772 3340 854 3383 atten-
908 3337 930 3382 si
941 3336 974 3382 ad
990 3334 1072 3383 Sidam
1084 3334 1231 3381 maritimam
1244 3338 1338 3391 partas
1348 3331 1478 3391 prosimu

280 3396 340 3447 daut
347 3397 544 3461 circumstances,
566 3400 654 3449 ‘when
665 3399 708 3449 the
719 3399 857 3449 characters
908 3398 969 3461 (Qu.
981 3400 1106 3447 maritima
1117 3399 1144 3445 iss
1151 3403 1223 3458 parts
1230 3397 1384 3457 praetactas).
1404 3395 1477 3441 Illas·

279 3478 321 3511 arc
332 3461 517 3528 insigniretur:
558 3463 617 3514 Itis
628 3469 653 3514 to
669 3464 701 3514 be
715 3465 790 3514 noted
803 3464 857 3514 that
908 3479 954 3513 can
970 3463 1029 3527 only
1039 3477 1111 3511 mean
1126 3461 1182 3511 that
1192 3466 1248 3524 part
1263 3459 1346 3510 which
1359 3474 1405 3509 uss
1419 3473 1476 3521 sug·

279 3526 323 3577 the
336 3528 458 3591 adjective
474 3528 496 3577 is
512 3529 640 3579 essential:
659 3545 697 3592 cp.
709 3528 726 3579 J
728 3546 770 3577 nv.
783 3528 801 3577 i.
817 3532 854 3588 13,
907 3528 993 3592 gested
1003 3534 1029 3576 to
1041 3526 1134 3576 Cicero.

283 3594 855 3654 ‘assiduoruptasoctorsazomnaa’sndMun·
940 3597 965 3641 4.
983 3609 1012 3642 cs
1031 3593 1128 3654 publica
1146 3590 1334 3704 pmnutaticnz]
1367 3594 1410 3637 ‘on
1435 3586 1478 3636 the

279 3658 567 3723 ro’snoteap.Mayor;
584 3658 755 3708 alsoWilkins
775 3661 856 3708 ouin-
908 3654 1285 3722 TreasuryBillofExohange.'
1330 3651 1477 3703 icerosould

280 3724 374 3783 aequali
386 3729 477 3771 tonsor-c
487 3723 515 3773 in
525 3724 588 3774 Hor.
601 3724 682 3787 Epist.
695 3724 713 3772 i.
729 3728 751 3783 1,
764 3726 805 3771 94.
908 3727 977 3771 want
986 3728 1013 3772 to
1024 3728 1066 3786 get
1079 3722 1123 3771 the
1138 3726 1238 3771 ascirent
1252 3719 1308 3770 coin
1324 3719 1351 3769 of
1364 3718 1404 3767 tho
1417 3731 1475 3779 pro·

312 3790 353 3835 sed
371 3788 427 3836 hacc
444 3824 450 3837 .
469 3823 476 3836 .
496 3825 502 3838 .
520 3789 582 3855 colo]
611 3790 673 3838 ‘but
689 3805 733 3853 my
750 3787 815 3837 wish
836 3787 858 3837 is
907 3787 980 3836 uince
997 3786 1037 3836 for
1053 3787 1097 3836 the
1115 3802 1205 3851 money
1223 3784 1299 3850 given
1316 3783 1367 3833 him
1383 3782 1420 3831 ior
1438 3781 1481 3855 his

278 3850 334 3900 that
350 3850 461 3903 thessbe
476 3852 563 3903 shown
579 3852 685 3902 inwhat
700 3853 713 3902 I
728 3853 760 3902 do
775 3852 859 3903 rather
908 3851 1025 3902 domestic
1039 3851 1224 3901 establishmeut
1240 3849 1385 3912 (arsafium).
1415 3844 1478 3894 This

278 3915 377 3965 thurin
388 3917 457 3968 what
467 3917 481 3967 I
493 3934 538 3982 say
548 3934 576 3967 or
586 3918 677 3967 write)
907 3922 1001 3981 system
1017 3915 1045 3965 oi
1063 3917 1174 3980 drawing
1191 3914 1253 3964 Bills
1269 3915 1298 3965 of
1313 3913 1440 3975 Exchauge
1456 3909 1480 3959 is

313 3984 337 4029 3.
355 3985 441 4030 sentin
451 3989 669 4031 eamssrmonsmut
681 3981 794 4096 dhaem]
815 3981 858 4030 ‘in
907 3980 1050 4046 frequently
1066 3981 1207 4030 mentioned
1222 3980 1250 4029 in
1264 3979 1307 4029 the
1321 3979 1423 4028 moes:
1446 3974 1476 4031 Q·

279 4044 322 4094 the
333 4061 418 4095 course
428 4048 456 4096 of
466 4063 512 4096 our
523 4046 775 4097 conversationlwss
831 4053 858 4096 to
909 4045 952 4095 Fr.
964 4044 983 4094 i.
996 4049 1020 4095 3.
1034 4050 1057 4107 7,
1073 4046 1119 4109 Ep.
1131 4045 1202 4104 lxvi;
1220 4044 1290 4094 Fam.
1302 4044 1330 4093 ii.
1345 4045 1380 4103 17,
1393 4037 1479 4102 7,]ἒι)ι

279 4113 348 4174 say':
365 4110 759 4177 theatisexplnnatoryofsum.
908 4109 997 4160 cclxxi.
1036 4110 1087 4160 ‘'l'o
1103 4109 1252 4160 drawsbill
1268 4108 1296 4159 ot
1311 4109 1428 4169 exohmgc
1444 4120 1478 4154 on

312 4174 391 4240 selles]
409 4176 476 4239 subj.
492 4177 520 4226 oi
535 4176 647 4240 reported
661 4192 755 4236 reason,
773 4175 855 4241 Roby,
907 4174 1014 4225 Athens’
1035 4174 1057 4225 is
1071 4182 1209 4236 psmutcrs
1226 4175 1345 4235 Athenas,
1365 4175 1414 4221 Att.
1430 4185 1475 4246 ny.

282 4240 360 4291 1744:
376 4240 456 4290 ‘since
467 4257 494 4290 as
504 4241 537 4291 he
547 4241 600 4290 said
611 4256 661 4305 you
672 4240 784 4290 wished!
910 4242 948 4301 lt,
962 4244 976 4289 4
987 4257 993 4289 :
1011 4255 1052 4290 see
1063 4238 1130 4290 Dict.
1143 4239 1229 4304 Antiq.
1242 4256 1263 4289 s.
1271 4256 1297 4289 v.
1310 4242 1459 4300 Arsaniam.

308 4305 572 4436 satiabit]
587 4308 857 4421 tssttt‘ttltts
907 4303 1385 4420 itlttttsttlthtttd
1398 4298 1478 4349 ’Μ

279 4431 374 4483 laudat
385 4451 436 4483 was
447 4435 514 4495 Sida,
527 4387 732 4498 neaiAspendua
744 4434 772 4484 in
784 4435 857 4485 Pam·
940 4438 1069 4484 celerrimis
1089 4434 1197 4501 nuntiis]
1230 4434 1307 4485 Klots
1326 4432 1398 4483 added
1414 4444 1476 4477 Μ

280 4496 380 4562 phylia:
403 4500 472 4550 Fam.
492 4500 529 4551 iii
549 4504 573 4564 6,
595 4503 617 4560 1,
639 4499 686 4563 Ep.
708 4499 790 4550 ccxiii.
831 4501 858 4550 It
909 4500 1112 4565 tiis,comparing
1121 4501 1190 4550 Fam.
1201 4498 1374 4562 iii.11,1,lup.
1383 4495 1478 4549 cclxv-2
