3150 5109
465 491 652 562 ooxovl.
678 491 794 578 (MT.
825 496 906 564 VII.
931 495 975 581 ὅ).
1252 492 1317 559 277

109 662 250 731 dubium
278 664 401 732 bellum
430 665 631 734 haberemus.
676 667 773 735 Nihil
802 669 845 736 ad
874 691 965 752 spem
994 667 1191 747 concordiae,
1222 667 1318 756 plane

109 767 208 834 illum
235 790 255 834 a
277 791 311 834 se
335 769 513 836 alienatum
539 792 613 838 eum
636 775 713 838 aute
737 771 951 860 intellegeret,
980 776 1053 839 tum
1077 795 1153 840 vero
1174 769 1319 858 proxime

110 871 289 938 iudicasse:
312 873 437 940 venisse
460 872 613 940 Hirtium
638 896 659 940 a
684 873 831 956 Caesare,
859 877 916 963 qui
938 880 1020 943 esset
1037 876 1088 942 illi
1109 872 1320 941 familiarissi-

110 997 195 1056 mus,
218 975 261 1042 ad
284 998 318 1042 se
337 999 404 1043 non
427 976 602 1057 accessisse,
628 981 671 1060 st,
690 1002 764 1046 oum
789 979 846 1046 ille
866 1001 895 1045 a.
919 980 952 1046 d.
976 1001 1052 1045 vr11.
1076 978 1128 1045 Id.
1150 975 1319 1045 Decembr.

110 1079 238 1166 vesperi
262 1080 413 1162 venisset,
441 1088 471 1146 et
491 1079 617 1148 Balbus
640 1083 681 1149 de
699 1087 770 1149 tota
793 1105 829 1149 re
851 1082 1068 1149 constituisset
1092 1104 1122 1149 a.
1142 1083 1173 1150 d.
1196 1102 1255 1148 v11.
1278 1080 1322 1145 ad

111 1181 297 1268 Scipionem
312 1187 388 1251 ante
403 1184 509 1251 lucem
530 1185 653 1265 venire,
675 1187 781 1253 multa
803 1188 843 1253 de
864 1191 958 1253 nocte
972 1209 1047 1253 eum
1060 1186 1241 1273 proiectum
1255 1206 1322 1251 esse

112 1287 156 1352 ad
182 1286 362 1353 Gaesarem.
407 1287 484 1354 Hoc
507 1288 559 1355 illi
587 1287 792 1375 τεκμηριῶδες
815 1289 986 1356 videbatur
1014 1312 1081 1356 esse
1107 1286 1320 1355 alienationis.

114 1392 146 1455 3.
171 1389 261 1462 Quid
275 1391 409 1458 multa?
452 1391 549 1458 Nihil
570 1414 623 1458 me
643 1393 733 1459 aliud
753 1393 945 1473 consclatur,
967 1392 1031 1459 uisi
1050 1393 1137 1479 quod
1150 1391 1255 1469 illum,
1270 1388 1323 1457 oui

114 1493 213 1560 etiam
238 1494 364 1560 inimici
389 1495 528 1561 alterum
554 1496 766 1577 consilatum,
794 1497 927 1563 fortuna
954 1517 1115 1563 summam
1143 1494 1322 1581 potentiam

115 1598 251 1676 dederit,
277 1620 344 1664 non
369 1598 507 1666 arbitror
532 1601 602 1666 fore
627 1605 697 1666 tam
728 1605 900 1679 amentem,
926 1604 966 1666 ut
989 1599 1067 1665 haec
1092 1599 1128 1664 in
1151 1596 1322 1664 discrimen

115 1702 266 1768 adducat.
312 1701 410 1774 Quod
432 1702 460 1768 si
479 1726 573 1770 ruera
598 1704 746 1791 coeperit,
767 1726 810 1771 ne
829 1726 889 1790 ego
909 1704 1014 1769 multa
1032 1702 1141 1781 timeo,
1159 1723 1242 1787 quae
1256 1722 1322 1766 non

116 1807 219 1870 audeo
234 1804 379 1872 scribere.
425 1804 501 1888 Sed,
516 1811 555 1874 ut
570 1830 658 1874 nuno
675 1811 735 1888 cst,
757 1831 786 1874 a.
807 1809 839 1874 d.
864 1828 916 1872 111.
936 1806 1050 1873 Nonas
1064 1805 1137 1871 Ian.
1154 1806 1197 1871 ad
1209 1802 1324 1870 urbem

115 1908 233 1995 cogito.

239 2312 422 2381 ccxcvi
469 2314 640 2382 CICERO
662 2314 722 2384 ΤΟ
744 2313 946 2382 ATTIOUS
972 2315 1068 2395 (Aru,
1092 2334 1154 2379 v11.
1178 2313 1220 2399 s).

418 2537 450 2581 A.
467 2536 500 2581 U.
517 2537 545 2581 G.
562 2534 629 2592 7043
654 2538 686 2582 Β.
702 2538 729 2583 C.
747 2538 800 2596 503
823 2536 899 2581 ΛΒΤ.
915 2536 974 2579 010.
991 2535 1033 2582 56.

170 2699 211 2750 De
228 2699 337 2765 epistolis
354 2701 434 2753 Attici
450 2703 482 2753 sd
499 2718 526 2753 ss
540 2703 631 2765 missis,
648 2705 679 2754 de
694 2702 836 2754 valetudine
846 2700 926 2753 Attici
940 2706 966 2751 et
980 2700 1067 2762 Piliae,
1084 2700 1115 2750 ds
1125 2698 1224 2759 Tirone,
1236 2698 1267 2747 ds
1278 2712 1328 2747 ser·

120 2797 194 2832 mons
215 2781 366 2849 Philogenis,
386 2785 417 2834 da
435 2801 517 2835 sorore
537 2786 623 2848 strici,
644 2786 675 2838 ds
692 2785 839 2852 Chrysippo,
856 2785 887 2835 de
905 2782 994 2833 itinere
1011 2798 1064 2843 suo,
1081 2782 1112 2832 ds
1127 2797 1170 2845 spe
1186 2780 1277 2845 exigua
1293 2778 1330 2828 rei

120 2862 243 2927 publicas.

538 3019 669 3076 CICERO
686 3019 820 3075 ATTICO
839 3017 915 3074 SAL.

190 3160 220 3225 1.
244 3158 370 3227 Multas
385 3184 451 3229 uno
464 3167 610 3249 tempore
628 3164 734 3250 accepi
749 3161 901 3249 epistolas
913 3163 996 3241 tuas,
1012 3181 1095 3246 quae
1108 3156 1200 3239 mihi,
1215 3177 1327 3243 quam·

123 3284 224 3350 quam
250 3265 427 3332 recentiora
453 3266 624 3334 audiebam
647 3290 689 3334 ex
710 3268 760 3348 iis,
783 3267 843 3353 qui
867 3266 909 3331 ad
937 3287 990 3331 me
1015 3261 1198 3341 veniebant,
1218 3266 1329 3326 tamen

123 3371 220 3433 erant
249 3366 419 3435 iucundae.
465 3368 618 3436 Studium
648 3371 736 3437 enim
765 3374 798 3436 et
826 3366 1083 3436 benevolentiam
1112 3362 1327 3431 declarabant.

122 3469 323 3538 Valetudine
336 3476 395 3538 tua
410 3493 550 3553 moveor,
570 3478 603 3540 ct
617 3473 737 3540 Piliam
758 3474 795 3540 in
815 3474 903 3540 idem
923 3493 1026 3559 genus
1045 3467 1150 3536 morbi
1165 3468 1329 3554 delapsam

159 3659 305 3726 scipionem]
319 3659 402 3725 Scipio
408 3677 459 3712 was
465 3662 509 3712 tha
514 3662 702 3713 father-in-law
752 3661 876 3727 adjective
884 3659 967 3711 would
975 3658 1081 3708 iudicate
1091 3672 1124 3707 an
1135 3654 1330 3722 approximation

125 3723 155 3774 oi
164 3723 307 3788 Pompeius.
341 3726 441 3785 Balbus,
453 3744 487 3777 an
496 3727 610 3778 intimata
619 3728 703 3779 friend
751 3738 779 3779 to
790 3727 841 3778 this
852 3724 1053 3778 demonstration.

125 3789 154 3839 oi
172 3788 270 3849 Caesar,
288 3789 338 3840 had
352 3792 424 3841 made
439 3807 472 3841 an
491 3792 661 3857 appointment
676 3800 703 3843 to
785 3796 810 3843 3.
823 3790 926 3857 dederit]
958 3786 1127 3852 ‘considering
1142 3786 1199 3837 that
1215 3801 1278 3837 sven
1291 3784 1332 3836 his

125 3854 190 3904 have
201 3853 281 3904 atah
293 3870 353 3905 over
364 3856 408 3906 the
422 3856 502 3907 whole
516 3857 630 3922 question
642 3857 704 3909 with
752 3856 861 3908 enemiss
870 3855 935 3906 have
946 3854 1060 3918 assigned
1073 3852 1126 3902 him
1141 3867 1157 3901 a
1170 3851 1260 3901 second
1270 3865 1329 3900 con·

127 3918 211 3983 Scipio
227 3919 296 3983 early
307 3935 339 3970 on
355 3920 398 3971 the
414 3922 444 3971 da
474 3921 539 3972 aiter
554 3922 597 3973 the
613 3923 704 3973 arrival
753 3923 842 3984 sulats,
864 3921 914 3971 and
930 3920 1029 3969 fortune
1044 3917 1089 3967 has
1104 3921 1152 3980 put
1168 3915 1213 3966 the
1232 3914 1333 4029 Ἢ

126 3982 155 4033 of
167 3983 267 4033 hirtius
278 3988 305 4033 at
315 3984 402 4035 Rome.
458 3985 531 4037 irtius
541 3987 584 4036 did
594 3987 705 4039 uotwait
754 3981 1123 4044 aminsnoswithinhisrsach,
1137 3980 1249 4054 Idcnot¹
1313 4043 1319 4055 ¹

126 4047 168 4098 for
177 4047 222 4097 tha
233 4047 371 4112 interview,
380 4051 427 4100 bnt
437 4057 505 4101 went
515 4051 574 4101 susi
591 4052 705 4103 httoths
753 4052 786 4103 hs
797 4051 851 4101 will
865 4051 897 4100 be
912 4050 970 4099 mad
985 4046 1084 4111 enough
1098 4052 1125 4096 to
1140 4044 1278 4111 isopardiss
1292 4043 1334 4094 hu

127 4127 198 4175 camp
218 4111 247 4162 of
265 4112 362 4175 Caesar,
383 4114 465 4165 which
484 4117 555 4166 made
574 4068 706 4181 l’ompeius
755 4109 1129 4176 aeunmcntcfthcscprizes!

126 4176 229 4240 capus
241 4177 269 4227 of
282 4178 326 4228 aa
343 4179 436 4229 unes
449 4179 477 4230 of
490 4180 601 4246 mag
616 4188 643 4233 a
656 4198 707 4248 any
789 4181 870 4245 acro]
906 4182 948 4229 ‘to
963 4194 1012 4227 run
1027 4175 1134 4236 amuch’
1155 4176 1196 4224 ‘to
1211 4171 1332 4249 pragen

127 4241 324 4306 understanding
334 4244 398 4294 with
409 4243 506 4295 Caesen
757 4245 866 4295 resarcis
885 4244 945 4293 used
964 4240 1097 4306 especially
1112 4238 1141 4290 oi
1156 4237 1283 4302 throwrng
1299 4236 1335 4287 off

160 4307 337 4374 τεκμηριῶδω]
373 4310 459 4374 ‘procl
485 4308 609 4374 positive!
653 4309 707 4360 Tha
757 4310 801 4361 the
811 4309 928 4360 restraint
937 4307 965 4358 of
974 4307 1225 4357 thelaws:sesnots
1235 4318 1268 4354 on
1278 4302 1333 4353 aa.

128 4373 196 4421 word
227 4374 359 4436 τεκμήριον
388 4374 471 4424 would
496 4374 598 4438 probabl
642 4375 708 4426 have
757 4374 786 4425 ii.
801 4378 840 4436 14,
856 4378 878 4434 1,
892 4374 940 4436 Ep.
952 4371 999 4422 xli.
1276 4431 1291 4443 ..

128 4435 267 4485 imorem
282 4437 325 4487 as
341 4438 584 4504 menngwhichit
679 4439 707 4490 sn
790 4439 831 4505 m]
866 4432 1302 4497 sconsa.a.sb‚2‚Er·0v11·

127 4500 171 4551 the
181 4500 247 4565 logio
259 4500 287 4550 of
297 4504 423 4561 Aristode,
441 4508 622 4553 ammiralios
634 4505 712 4568 precs

126 4581 155 4615 ss
171 4566 279 4631 opposed
294 4571 321 4616 to
336 4568 380 4619 the
396 4567 492 4620 iallibls
509 4572 620 4636 σημεῖον.
653 4569 707 4621 The
793 4570 816 4619 1.
828 4565 981 4633 Vastuaao]
994 4566 1107 4618 ramese
1116 4563 1145 4616 in
1156 4561 1242 4615 cicero
1251 4560 1338 4626 nearly
