3150 5109
275 361 318 426 ss
641 359 798 427 ooxrr.
825 361 949 447 (ram
973 362 1052 432 xv.
1076 366 1122 448 1).

277 558 344 603 esse
365 539 398 601 et
419 556 576 602 novarum
597 554 706 601 rerum
726 534 962 622 exspectatione
984 559 1163 625 suspensos,
1182 535 1354 625 sperabam
1375 540 1469 604 tamen
1536 550 1539 590 ἱ

276 661 339 720 eos,
355 640 397 704 ad
419 660 499 727 quos
519 639 586 705 iam
608 661 801 706 aooesseram
822 640 941 726 quique
962 644 1107 707 nostram
1127 641 1412 708 mansuetudinem
1430 641 1470 706 in·
1538 658 1539 693 1

276 743 526 830 tegritatemque
547 747 786 831 perspexerant,
803 743 969 811 amioiores
989 745 1111 832 populo
1125 744 1275 812 Romano
1290 766 1360 810 esse
1373 743 1471 824 laotos,
1537 760 1539 781 ²

278 847 426 914 Ciliciam
440 852 550 913 autem
565 847 739 914 firmiorem
753 847 833 929 fore,
849 848 877 913 ei
892 848 1065 934 aequitatis
1079 853 1207 915 nostrae
1221 848 1385 935 partioeps
1399 848 1472 914 faeta
1538 890 1539 893 =

277 955 369 1018 esset.
414 950 462 1017 Et
484 950 525 1017 ob
547 973 618 1018 eam
633 973 763 1018 eausam
777 955 812 1017 et
830 955 869 1018 ut
891 952 1152 1039 opprimerentur
1166 953 1201 1032 ii,
1217 952 1275 1038 qui
1290 976 1332 1018 ex
1346 951 1472 1017 (liliosam
1538 970 1539 1009 1

277 1060 375 1142 gente
400 1054 437 1120 in
460 1054 558 1121 armis
584 1058 698 1134 essent,
721 1060 755 1121 et
775 1060 814 1121 ut
835 1054 937 1122 hostis
958 1056 996 1137 is,
1019 1058 1077 1143 qui
1099 1060 1181 1123 esset
1201 1056 1238 1121 in
1259 1055 1370 1141 Syria,
1391 1056 1471 1121 eoiret

279 1159 455 1226 exereitum
469 1159 583 1246 populi
597 1158 741 1225 Romani
755 1181 823 1225 non
837 1160 934 1226 modo
953 1182 1021 1227 non
1036 1161 1147 1227 aedera
1160 1160 1202 1226 iis
1217 1160 1343 1225 nuntiis
1357 1159 1471 1239 adlatis,
1538 1180 1539 1187 ¹

278 1265 334 1331 sed
350 1264 449 1330 etiam
462 1263 594 1350 propius
614 1264 771 1343 aoeedere,
789 1264 966 1330 exereitum
986 1266 1028 1330 ad
1044 1263 1190 1331 Taurum
1206 1263 1336 1329 institui
1357 1263 1470 1329 dusera.
1536 1291 1538 1302 ⁴

279 1370 310 1434 4.
334 1367 409 1448 Sed,
433 1367 461 1434 si
486 1368 564 1454 quid
590 1369 677 1454 apud
701 1388 759 1433 vos
783 1367 958 1433 auotoritas
980 1390 1054 1434 mea
1078 1367 1229 1453 ponderis
1250 1366 1358 1446 habet,
1381 1365 1417 1431 in
1439 1367 1474 1431 iis

280 1472 470 1562 praesertim
483 1470 588 1552 rebus,
612 1493 693 1558 quas
707 1492 766 1537 vos
781 1471 928 1551 audistis,
944 1493 1006 1559 ego
1014 1493 1118 1557 paene
1132 1494 1238 1551 earne,
1254 1493 1375 1556 magno
1388 1491 1474 1556 opere

278 1599 336 1644 vos
355 1581 388 1644 et
403 1575 515 1642 hortor
533 1578 568 1641 et
588 1595 714 1655 moneo,
730 1579 767 1640 ut
782 1574 835 1641 his
850 1574 1023 1661 provinoiis
1043 1576 1143 1642 serius
1164 1598 1221 1641 vos
1241 1576 1372 1660 quidem
1385 1594 1473 1659 quam

280 1681 397 1763 denuit,
422 1680 478 1745 sed
503 1679 680 1766 aliquando
705 1683 816 1745 tamen
839 1679 1024 1747 oonsulatis.
1068 1678 1139 1745 Noe
1161 1700 1259 1766 quem
1283 1679 1327 1744 ad
1350 1678 1472 1743 modum

278 1786 452 1851 instruotos
482 1785 516 1849 et
538 1781 655 1869 quibus
676 1780 844 1868 praesidiis
868 1783 1012 1850 munitos
1032 1784 1076 1848 ad
1096 1785 1182 1850 tanti
1202 1782 1281 1849 belli
1301 1781 1473 1867 opinionem

279 1888 431 1956 miseritis
451 1909 518 1953 non
540 1886 617 1952 estis
637 1886 755 1972 ignari.
801 1886 899 1959 Quod
916 1909 977 1975 ego
997 1886 1167 1976 negotium
1187 1909 1255 1952 non
1274 1885 1409 1951 stultitia
1422 1882 1472 1950 ob·

281 1996 436 2072 oaeoatus,
462 1991 519 2057 sed
542 1990 736 2057 voreoundia
759 1990 933 2057 deterritus
958 2013 1024 2057 non
1050 1989 1203 2057 reeusavi„
1257 1989 1373 2075 Neque
1394 1989 1472 2053 enim

280 2116 437 2183 umquam
450 2094 557 2160 ullum
570 2093 750 2180 perieulum
771 2098 902 2161 tantum
921 2094 1045 2182 putavi,
1061 2095 1148 2180 quod
1166 2092 1388 2180 subterfugere
1400 2091 1471 2157 mal·

282 2203 347 2269 lem
361 2222 459 2286 quam
470 2202 594 2264 vestrae
609 2198 795 2265 austeritati
810 2198 1040 2285 obtemperare.
1072 2199 1104 2263 5.
1127 2196 1204 2264 Hoo
1218 2200 1327 2262 autem
1341 2201 1473 2281 tempore

280 2329 331 2373 res
348 2327 415 2371 sese
437 2304 482 2369 sio
502 2302 610 2381 habet,
628 2306 677 2384 ut,
696 2304 761 2369 nisi
782 2303 959 2369 exereitum
980 2306 1120 2383 tantum,
1142 2306 1303 2387 quantum
1320 2302 1361 2367 ad
1379 2300 1472 2365 maxi·

280 2430 372 2476 mum
393 2407 516 2475 bellum
536 2405 666 2474 mittere
687 2407 806 2487 soletis,
828 2412 955 2473 mature
979 2407 1016 2472 in
1039 2405 1098 2472 has
1121 2406 1302 2492 provincias
1325 2404 1472 2482 miseritis,

281 2534 443 2580 summum
458 2510 637 2597 perieulum
658 2510 701 2576 eit
722 2534 764 2577 ne
784 2512 982 2577 amittendae
1000 2510 1067 2577 sint
1089 2531 1200 2576 omnes
1222 2532 1278 2575 eae
1291 2508 1470 2595 provinciae,

280 2614 398 2704 quibus
423 2614 595 2700 veotigalia
624 2614 738 2702 populi
767 2613 911 2681 Romani
940 2615 1156 2681 eontinentur.
1214 2613 1323 2686 Quam
1351 2611 1472 2679 obrem

282 2726 392 2788 autem
406 2718 441 2786 in
451 2718 512 2786 hoo
526 2718 717 2806 provinoiali
731 2718 852 2785 dileotu
866 2740 956 2805 spem
966 2717 1113 2785 habeatis
1127 2717 1270 2804 aliquam
1285 2738 1381 2783 oausa
1392 2714 1472 2781 nulla

281 2828 348 2893 est:
371 2846 476 2907 neque
497 2823 595 2889 multi
618 2828 748 2889 suntet
774 2823 955 2909 diffugiunt
977 2822 1034 2907 qui
1056 2824 1133 2887 sunt
1153 2825 1244 2886 metu
1266 2819 1383 2886 oblato.
1423 2817 1471 2895 Et,

281 2929 369 3015 quod
383 2950 487 3014 genus
501 2925 561 2992 hoo
574 2926 717 2992 militum
732 2926 774 2993 sit
789 2927 946 2993 iudioavit
960 2926 1010 2993 vir
1024 2924 1218 2991 fortissimus
1232 2923 1282 2989 M.
1298 2922 1471 2989 Bibulusin

281 3031 373 3112 Asia,
383 3030 449 3116 qui,
465 3052 538 3096 oum
552 3052 609 3097 vos
624 3030 654 3096 ei
667 3030 901 3117 permisissetis‚
917 3030 1072 3096 dileotum
1082 3028 1202 3095 habere
1214 3027 1367 3094 noluerit.
1395 3025 1471 3092 Nam

316 3281 339 3327 3.
358 3292 472 3326 novarum
499 3291 579 3325 rerum
609 3279 778 3338 armeniano
805 3293 858 3326 aaa·
943 3273 1141 3341 eaeproeinoiao]
1166 3270 1474 3336 ‘thesaprovinemontta

278 3340 386 3417 pensos]
412 3341 557 3405 ‘warenng
577 3341 605 3390 in
626 3341 782 3405 expectation
800 3342 828 3392 of
845 3357 861 3391 a
910 3340 1080 3391 maintenanoe
1090 3340 1118 3389 of
1129 3338 1211 3389 whioh
1221 3339 1370 3413 dependtha
1380 3334 1472 3388 massi

281 3406 446 3467 revoluuon’,
459 3410 605 3483 μετεώρους.
909 3405 1058 3481 theRoman
1068 3404 1172 3468 people.'
1207 3403 1472 3479 Orooroappealsnotto

314 3471 529 3537 mammtadamm]
575 3470 608 3522 So
629 3470 767 3532 Manutius,
792 3487 858 3522 oom-
910 3470 954 3520 the
975 3473 1074 3534 digmty
1090 3470 1136 3519 but
1157 3474 1184 3519 to
1202 3468 1246 3518 the
1267 3468 1378 3531 ouprdrty
1394 3465 1420 3516 of
1437 3464 1470 3513 the

353 3554 370 3601 g
386 3537 456 3586 Fam.
475 3552 518 3586 xv.
537 3538 560 3597 3,
580 3539 603 3596 2,
622 3534 670 3599 Ep.
683 3536 773 3593 ooxii.;
794 3538 816 3597 5,
835 3539 858 3597 2,
910 3536 1010 3585 Senate.
1044 3535 1139 3596 aliquid
1152 3537 1285 3583 continetur
1300 3536 1381 3595 aliqua
1394 3547 1417 3579 rs
1429 3530 1470 3579 isa

281 3553 459 3666 hbllnoelxviq
479 3605 532 3651 ltt.
550 3617 576 3651 v.
594 3603 631 3662 18,
652 3605 676 3664 2,
689 3601 738 3666 Ep.
760 3600 858 3651 eexriii.
911 3615 1023 3650 oommon
1040 3598 1184 3649 Ciosronian
1206 3597 1349 3661 expression
1365 3596 1432 3661 (Reid
1445 3609 1471 3643 on

282 3667 336 3717 The
348 3683 395 3717 uss
406 3668 463 3730 give
473 3669 669 3716 cosuetudinem.
912 3665 974 3714 Sull.
985 3665 1037 3729 63).
1069 3660 1468 3725 Thewordoontinerrtar,parhspa

314 3731 437 3792 anasum
455 3768 462 3779 .
482 3768 489 3780 .
509 3768 515 3780 .
533 3729 677 3796 sosesaotoo]
711 3729 861 3780 ‘qustwe
909 3729 977 3779 hints
1000 3745 1016 3778 a
1038 3728 1175 3792 metaphor,
1198 3727 1250 3776 like
1277 3727 1401 3790 συνέχειν.
1439 3726 1471 3773 ln

181 3824 185 3830 ·
282 3796 346 3847 shall
362 3796 414 3845 find
430 3795 486 3846 that
501 3796 562 3861 they
577 3796 641 3845 have
657 3797 775 3845 become*
811 3795 861 3844 For
909 3793 1015 3858 English
1036 3798 1118 3843 orator
1139 3793 1222 3842 world
1243 3792 1308 3842 have
1329 3791 1397 3841 auid:
1424 3789 1472 3839 ‘tho

281 3862 325 3976 illd
341 3861 410 3975 peri.
428 3860 476 3909 inf.
494 3860 559 3909 after
579 3877 682 3922 sperare,
698 3859 813 3924 pointing
833 3865 860 3909 to
910 3859 1038 3972 provinces
1060 3857 1143 3907 which
1168 3873 1210 3907 are
1234 3857 1278 3906 tho
1301 3851 1472 3923 loy-stenem

371 3933 427 3975 ture
442 3924 587 3989 knowledge
602 3925 630 3975 of
645 3941 661 3974 a
674 3930 730 3988 past
743 3924 803 3985 ieet,
819 3941 857 3988 op.
934 3924 1010 3973 ome's
1020 3922 1137 3972 finanoial
1148 3920 1279 3987 subnityz’
1308 3922 1361 3972 Tha
1371 3919 1473 3986 provinno

283 3991 355 4040 Fam.
367 3990 412 4039 vii.
426 3993 466 4050 32,
481 3995 503 4051 1,
516 3989 565 4053 Ep.
578 3988 692 4049 ooxxix.;
710 3991 763 4039 Att.
775 3989 804 4039 ii.
818 3993 857 4049 21,
910 3987 1043 4053 especially
1058 3987 1157 4037 alluded
1172 3993 1198 4037 to
1212 3986 1235 4036 is
1250 3986 1327 4037 Asia:
1345 4004 1382 4052 op.
1396 3983 1470 4036 bland.

283 4059 306 4116 2,
326 4055 374 4120 Ep.
391 4054 490 4115 xlviii.;
509 4054 540 4111 Q.
554 4054 597 4104 Fr.
613 4054 641 4104 ii.
659 4059 683 4116 4,
697 4058 721 4116 2,
735 4054 782 4118 Ep.
800 4070 856 4111 εις
912 4056 951 4103 16.

169 4132 171 4134 ’
282 4122 337 4171 Att.
350 4137 404 4170 vm
418 4121 532 4181 3,7;x.
544 4121 566 4180 7,
581 4122 605 4168 3.
942 4116 1059 4193 noluerit]
1104 4115 1354 4181 pe1†.subj.,‘M.
1382 4114 1473 4165 Babulus

316 4190 341 4235 4.
359 4188 392 4234 ad
407 4187 472 4233 tanti
489 4185 543 4232 tolli
558 4182 702 4250 opinionem]
738 4188 779 4233 ‘to
793 4183 860 4233 what
910 4182 1009 4232 shewed
1025 4181 1066 4231 hm
1085 4180 1185 4245 opinion
1203 4183 1232 4231 of
1247 4182 1318 4232 these
1335 4182 1428 4231 soldiern
1443 4179 1470 4241 hy

282 4247 470 4313 isexpeetedto
480 4250 511 4299 be
522 4264 549 4298 so
560 4255 629 4313 great
640 4265 655 4298 a
666 4248 736 4298 war)
773 4249 860 4309 Opinio
909 4247 1022 4311 refauing
1037 4246 1112 4297 when
1131 4262 1182 4312 you
1197 4247 1303 4297 allowed
1318 4247 1370 4297 him
1385 4254 1409 4296 to
1422 4243 1471 4294 hold

282 4314 368 4365 isthe
389 4315 458 4365 word
484 4314 545 4363 used
571 4313 598 4363 in
622 4314 666 4363 the
686 4313 794 4378 Vulgata
820 4312 860 4362 for
909 4312 953 4363 the
962 4312 1041 4378 lory!

285 4383 413 4429 ‘rumours
427 4379 455 4429 oi
471 4378 551 4429 wars’
570 4378 673 4443 (Matth.
690 4379 760 4429 xxiv.
779 4378 815 4443 6).
941 4375 1144 4443 Nomaoeiorum]
1167 4375 1353 4427 Thisaentenoe
1363 4388 1472 4440 expresso}

316 4446 341 4494 6.
359 4444 514 4511 amittendae]
549 4443 641 4509 ‘given
651 4443 705 4507 up!
909 4456 925 4493 a
943 4442 1030 4500 truth;
1048 4442 1105 4503 and,
1124 4456 1157 4492 no
1172 4441 1257 4503 doubt,
1276 4442 1362 4493 Oiooro
1379 4441 1418 4491 did
1430 4437 1472 4487 iret
