3150 5109
432 485 589 554 corin.
615 484 739 571 (rau
763 486 844 555 nr.
867 488 916 595 a).
1231 492 1274 559 aa

78 658 172 740 rethe,
196 658 297 725 fratre
316 681 385 740 suo,
400 663 434 726 et
453 682 527 726 cum
548 660 693 745 paternis
718 660 830 727 amieis
855 661 1032 729 maioribus
1053 666 1135 730 natu
1156 666 1272 735 adme

78 763 110 827 in
137 766 236 829 metra
264 763 364 843 venit,
399 762 670 850 perturbatusque
705 768 739 830 et
768 764 861 845 flens,
891 789 966 832 oum
994 766 1081 833 idem
1110 771 1144 834 et
1172 769 1274 836 frater

77 867 187 933 faceret
199 871 234 932 et
247 867 351 947 amici,
366 889 474 933 meam
493 867 601 948 fidem,
616 870 758 935 vestram
777 871 1088 937 commendationem
1103 872 1274 959 implorare

77 971 183 1057 coepit.
227 969 311 1036 (lum
332 971 508 1037 admirarer
529 971 609 1057 quid
631 972 797 1039 recidisset
817 974 904 1055 nori,
927 974 1012 1041 dixit
1033 977 1076 1041 ad
1100 997 1133 1042 se
1154 976 1275 1044 indicia

78 1073 313 1141 manifestarum
331 1074 523 1141 insidiarum
545 1097 613 1141 esse
635 1075 753 1157 delata,
775 1100 859 1163 quae
880 1083 987 1145 essent
1006 1082 1082 1145 ante
1096 1081 1274 1147 adventurn

78 1200 177 1245 meum
191 1178 358 1257 occultata,
374 1180 461 1264 quod
479 1179 515 1256 ii,
530 1179 588 1264 qui
603 1178 634 1245 ei
648 1180 830 1266 patefacere
849 1186 989 1268 possent,
1004 1187 1136 1270 propter
1148 1188 1273 1252 metum

78 1281 277 1364 retinuissent,
292 1305 331 1348 eo
345 1288 455 1349 autem
465 1288 611 1370 tempore
625 1306 681 1369 spe
695 1284 761 1350 mei
775 1285 928 1371 praesidii
942 1286 1121 1372 complures
1132 1310 1180 1368 ee,
1191 1310 1275 1374 quae

78 1387 196 1468 sonent,
210 1389 363 1455 audacter
380 1389 423 1454 ad
438 1410 471 1454 se
482 1387 657 1454 detulisse:
680 1388 716 1454 in
730 1387 782 1454 his
801 1388 1060 1456 amantissimum
1074 1389 1134 1472 sui,
1149 1413 1275 1458 summa

78 1490 188 1575 pietate
207 1492 392 1577 praeditum
414 1491 549 1557 fratrem
564 1491 668 1557 dicere
689 1491 741 1576 (ea
756 1513 839 1577 quae
853 1514 906 1558 me
926 1491 955 1558 is
974 1515 1101 1579 quoque
1123 1495 1275 1561 audiente

78 1593 219 1680 dicebat),
235 1618 269 1661 se
291 1595 500 1662 sollicitatum
516 1617 593 1674 esse,
608 1598 647 1661 ut
665 1617 801 1682 regnare
816 1595 936 1662 vellet:
957 1596 994 1662 id
1007 1597 1081 1663 vivo
1100 1597 1274 1664 habesue

78 1699 208 1782 accipere
221 1721 288 1765 non
309 1699 470 1785 potuisse:
495 1721 529 1764 se
550 1703 661 1764 tamen
676 1702 753 1764 ante
766 1699 850 1765 illud
864 1702 992 1786 tempus
1012 1722 1083 1767 eam
1097 1723 1166 1768 rem
1180 1724 1275 1768 num·

78 1823 166 1885 quam
185 1803 220 1868 in
241 1804 386 1869 medium
407 1807 540 1889 propter
560 1802 695 1888 periculi
716 1808 841 1869 metum
862 1804 1040 1889 protulisse.
1087 1805 1179 1878 Quae
1200 1828 1274 1872 eum

77 1910 153 1973 esset
170 1907 305 1988 locutus,
327 1907 442 1972 monui
461 1928 583 1991 regem,
606 1910 645 1972 ut
664 1928 795 1973 omnem
808 1907 1015 1995 diligentiam
1033 1908 1076 1974 ad
1097 1931 1131 1975 se
1150 1931 1274 1976 conser-

77 2011 210 2077 vandum
230 2010 410 2091 adhiberet,
426 2011 609 2097 amicosque
628 2012 695 2077 iam
717 2011 820 2097 patris
841 2011 910 2077 eius
927 2011 1042 2098 avique
1061 2011 1180 2080 iudicio
1201 2035 1275 2100 pro·

78 2111 160 2180 batos
175 2115 323 2182 hortatus
342 2138 425 2195 sum,
448 2115 535 2201 regis
556 2114 607 2181 sui
627 2115 729 2180 vitam
751 2113 839 2181 docti
860 2136 936 2181 casu
954 2114 1156 2182 acerbissimo
1173 2117 1276 2203 patris

79 2218 139 2283 eius
151 2220 237 2285 omni
259 2242 337 2285 eura
356 2218 566 2305 custodiaque
587 2219 810 2285 defenderent.
855 2218 887 2283 7.
911 2216 995 2283 (lum
1013 2241 1071 2285 rex
1085 2240 1105 2284 a
1118 2242 1171 2286 me
1185 2221 1274 2306 equi·

78 2327 173 2389 tatum
194 2322 403 2410 cohortesque
427 2324 468 2390 de
494 2322 639 2389 exercitu
656 2344 729 2388 meo
748 2320 937 2407 postularet,
961 2321 1021 2387 etsi
1045 2321 1275 2410 intellegebam

79 2431 172 2492 vestm
195 2428 492 2493 senatusconsulto
510 2448 577 2492 non
599 2426 696 2492 modo
717 2446 809 2513 posse
830 2447 884 2490 me
904 2424 940 2490 id
965 2424 1080 2505 facere,
1097 2427 1154 2492 sed
1175 2427 1274 2493 etiam

79 2529 191 2611 debere,
212 2536 334 2612 tamen,
357 2553 431 2597 oum
455 2552 506 2596 res
528 2529 659 2617 publiea
679 2528 860 2615 postularet
883 2532 1014 2615 propter
1035 2528 1212 2596 cotidianos
1233 2554 1274 2597 ex

80 2631 164 2718 Syria
176 2634 319 2715 nuntios,
335 2638 374 2700 ut
393 2657 492 2720 quam
507 2634 650 2721 primum
665 2632 843 2699 exercitum
862 2633 905 2698 ad
920 2631 1051 2699 Ciliciae
1073 2632 1153 2698 fines
1172 2635 1273 2699 addu-

80 2758 180 2818 cerem,
195 2760 331 2823 eumque
344 2737 428 2803 mihi
442 2760 500 2803 rex
517 2737 689 2824 patefactis
705 2736 772 2802 iam
790 2735 918 2801 insidiis
932 2758 1000 2801 non
1019 2757 1112 2821 egere
1130 2738 1273 2803 exercitu

81 2842 179 2928 populi
199 2841 352 2921 Romani,
375 2842 432 2907 sed
450 2863 542 2928 posse
561 2839 628 2907 suis
649 2839 765 2926 opibus
786 2839 960 2906 defendere
981 2840 1154 2919 videretur,
1176 2839 1271 2907 illum

80 2943 249 3011 cohortatus
270 2968 353 3026 sum,
374 2948 412 3011 ut
433 2945 469 3011 in
491 2967 550 3011 sua
563 2944 631 3010 vita
652 2943 869 3010 conservanda
889 2943 1031 3028 primum
1052 2964 1187 3029 regnare
1207 2944 1271 3010 dis-

106 3151 125 3195 6.
137 3149 338 3212 perturbatumque
353 3155 376 3197 et
385 3148 463 3215 stem]
507 3148 640 3213 ‘agitated
692 3150 728 3208 s'n,
741 3144 909 3207 lilreapsetari
919 3148 953 3206 in,
966 3149 978 3194 l
991 3144 1061 3195 Verr.
1076 3145 1087 3210 t
1100 3148 1272 3209 29,mesnsto

81 3213 435 3278 rodvithtearsinhissyes!
692 3212 723 3261 be
734 3212 826 3274 proved
837 3211 872 3276 by
880 3209 956 3275 doing
967 3210 1114 3274 something.
1149 3211 1271 3262 Mortuos

106 3295 171 3327 mm
186 3282 262 3340 fldem
283 3287 386 3327 cestram
407 3277 641 3344 conmendatienem]
692 3282 741 3337 too,
754 3275 884 3339 including
899 3276 942 3325 the
959 3276 1013 3324 first
1028 3275 1095 3324 hand
1108 3275 1136 3324 of
1152 3276 1189 3337 M,
1209 3277 1271 3327 omit

82 3341 128 3391 ‘the
137 3344 241 3407 pledged
252 3345 318 3394 word
334 3342 347 3391 Ι
361 3343 410 3393 had
426 3343 509 3408 giren,
527 3343 576 3392 and
599 3343 642 3392 the
692 3344 732 3390 aei
743 3340 809 3389 after
819 3348 889 3403 atque
895 3358 907 3399 ,·
918 3341 1016 3390 butnot
1026 3355 1053 3389 so
1064 3340 1099 3399 H,
1107 3341 1156 3389 and
1166 3341 1199 3391 its
1205 3342 1269 3391 rula-

81 3408 385 3472 mayouhaoimposed:
691 3404 744 3454 tivo
754 3404 882 3455 Palatinus
894 3406 991 3465 Sextus,
1004 3404 1087 3453 which
1094 3405 1219 3455 readasin
1229 3406 1273 3457 the

106 3475 183 3522 iem.
205 3511 210 3522 .
229 3511 236 3523 .
248 3472 355 3539 faceret]
388 3475 511 3535 sesterti.
691 3476 754 3519 text.
798 3471 822 3518 A
833 3469 968 3519 correction
981 3469 1009 3518 in
1027 3469 1054 3517 hl
1072 3472 1141 3533 gives
1152 3473 1270 3532 inponis

106 3540 173 3586 diere
184 3542 220 3599 (ea
245 3576 250 3587 .
278 3575 284 3587 .
313 3576 319 3587 .
344 3538 463 3601 diceban]
494 3535 641 3586 AsWesen·
692 3537 976 3598 eiuestdeatques'cdics'e.
1006 3533 1126 3583 Graevius
1132 3536 1269 3601 needlessly

82 3599 201 3666 bergfflea
214 3606 279 3663 Ala,
289 3620 314 3667 p.
325 3602 463 3667 bl)shows,
474 3617 512 3651 we
522 3607 642 3665 mustput
692 3600 761 3663 gives
782 3604 809 3648 to
828 3601 901 3647 amici
917 3598 960 3647 the
976 3598 1098 3648 techniocl
1117 3615 1187 3649 sense
1205 3600 1234 3650 of
1254 3616 1270 3650 a

82 3668 248 3729 sparanthesis
263 3668 329 3717 from
345 3686 373 3717 ea
388 3674 415 3718 to
431 3668 520 3716 dicebat
529 3684 540 3725 ;
556 3667 640 3716 other·
692 3663 783 3727 special
799 3662 861 3712 class
879 3662 907 3712 of
928 3663 1054 3724 courtiers,
1073 3663 1123 3713 like
1138 3665 1182 3714 the
1198 3668 1270 3715 amici

82 3731 128 3782 *ise
136 3733 179 3783 the
188 3733 292 3783 relative
303 3733 384 3783 clause
395 3731 448 3781 will
458 3732 489 3781 be
499 3731 589 3795 portel
598 3731 642 3780 the
692 3730 802 3791 Aspera·
809 3745 821 3787 ,·
837 3728 886 3777 and
902 3727 953 3776 also
967 3733 993 3777 te
1008 3730 1096 3776 iudicio
1106 3728 1150 3778 the
1160 3745 1231 3779 sense
1241 3730 1270 3781 of

81 3798 154 3857 osseh
167 3797 195 3848 of
208 3798 252 3848 the
264 3797 443 3862 Cappadocian,
461 3797 510 3846 and
526 3796 588 3845 then
604 3812 642 3845 we
691 3793 734 3843 the
751 3792 836 3856 king's
850 3792 982 3856 judgment
998 3808 1025 3841 as
1036 3809 1067 3842 ex
1084 3794 1165 3843 ressed
1181 3794 1210 3844 in
1226 3794 1267 3845 his

82 3859 437 3912 ohouldharatoreaddieturus
445 3868 511 3911 esset.
537 3860 641 3910 Wesan-
692 3858 753 3919 will,
767 3856 909 3921 comparing
926 3857 978 3906 Cio.
998 3857 1046 3906 Pro
1090 3874 1145 3909 ome
1164 3875 1216 3921 sua,
1236 3863 1268 3910 49

83 3924 130 3990 berg
148 3927 198 3977 also
218 3928 310 3977 wishes
330 3934 357 3977 tc
378 3927 436 3977 read
457 3944 492 3976 ms
514 3926 642 3988 quoqaeis
691 3938 743 3971 oum
759 3928 818 3972 esset
853 3959 859 3971 .
896 3958 902 3970 .
938 3959 945 3971 .
980 3928 1117 3971 testamento
1137 3931 1159 3974 te
1180 3926 1269 3975 iudeo

83 3993 181 4052 mesu,
194 3993 315 4056 asserting
324 3992 381 4042 that
391 4009 426 4040 me
436 3991 458 4040 is
467 3991 512 4041 the
519 3989 642 4053 emphatic
691 3988 858 4048 improbatus:
876 3985 941 4036 Plin.
955 3985 1002 4050 Ep.
1015 3986 1059 4036 rii.
1074 3990 1113 4048 31,
1127 3990 1151 4038 h.

83 4057 349 4121 mdmddefendiug
359 4055 642 4120 theerderbyecqueees
725 4055 749 4105 7.
766 4051 998 4118 praesumpsere]
1031 4051 1184 4117 Wesenberg
1200 4053 1266 4119 (Em.

82 4122 203 4183 studiosius,
215 4140 242 4170 eu
253 4123 317 4171 mibi
328 4124 398 4184 siqua
412 4121 439 4169 in
457 4121 501 4185 §8.
537 4119 588 4168 But
598 4119 642 4168 the
691 4118 748 4165 Alc.
759 4116 1051 4179 sinemurensem.
1074 4116 1188 4182 Nothing
1195 4119 1268 4169 oould

83 4185 168 4250 reading
177 4187 205 4236 cf
215 4186 251 4245 H,
264 4187 326 4236 asin
335 4186 379 4236 the
389 4191 450 4245 text,
464 4183 638 4249 ispreferable,
691 4181 723 4231 be
734 4181 811 4231 easier
820 4181 883 4231 than
892 4181 949 4231 that
958 4182 980 4231 it
992 4181 1080 4231 should
1092 4182 1138 4231 fall
1149 4189 1194 4233 out
1203 4183 1269 4234 after

85 4251 136 4298 ‘and
144 4251 181 4301 his
191 4252 292 4301 brother
301 4258 342 4301 too
357 4250 489 4300 confirmed
505 4249 539 4299 all
553 4248 604 4299 this
615 4248 642 4297 in
688 4263 756 4308 pesse
762 4245 903 4297 andbefore
913 4248 972 4296 suis.
995 4246 1133 4307 Lehmann,
1143 4246 1266 4311 however,

84 4314 236 4380 uyhening!
692 4310 795 4360 defends
812 4310 855 4361 the
874 4310 990 4361 omission
1009 4312 1044 4376 by
1056 4328 1131 4361 nonne
1145 4314 1269 4377 defendis?

107 4384 285 4431 uellieitatum
297 4379 355 4446 esu]
392 4378 643 4431 ‘thathehadbeon
691 4374 1265 4440 nonnereaiettleam.vii.32,l,Ep.ooxrix.

85 4444 165 4495 raka
174 4452 276 4510 upento
286 4443 640 4496 eonsenttetalretheorown.’
692 4440 746 4491 'hbe
756 4440 816 4491 verb
827 4442 949 4504 defendere
958 4441 1029 4492 often
1039 4441 1083 4490 has
1099 4442 1143 4491 the
1152 4443 1269 4509 meaning

107 4513 228 4573 meosque
246 4548 252 4560 .
279 4548 286 4560 .
311 4546 318 4560 .
337 4511 447 4559 henam
457 4508 521 4575 rum]
549 4506 642 4573 Nearly
691 4504 720 4556 of
732 4504 973 4567 ‘mahometanae’
986 4505 1059 4556 Rose.
1070 4506 1127 4555 hm.
1140 4510 1187 4565 643
1205 4506 1268 4559 (les.

84 4571 226 4626 ummo
237 4575 472 4635 abominatam
488 4573 643 4636 butprobsrt
692 4571 724 4622 B.
733 4570 765 4621 G.
777 4570 805 4620 ii.
819 4572 858 4630 33,
872 4573 897 4620 6.

1090 4649 1141 4703 Μ
