3150 5109
255 381 301 445 ae
666 371 753 438 cor.
780 371 905 455 (ιιιιι.
927 371 982 436 11.
1007 371 1049 457 c).

257 553 411 632 mitteres,
433 554 467 616 et
494 570 542 629 ce,
566 568 649 633 quea
674 544 777 623 nobis,
802 567 875 610 cum
904 544 1030 611 Romae
1058 566 1178 625 sumus,
1209 567 1340 611 narrare
1366 567 1454 611 nemo
1525 631 1526 636 ἵ

257 656 402 722 audeat?
445 652 531 720 Vide
546 654 706 737 quantum
724 648 787 716 tibi
801 670 872 714 mco
892 648 1011 715 iudicio
1025 648 1272 714 tribuam-nec
1285 648 1454 715 mehercule
1525 643 1526 648 ’

258 759 396 827 iniuria:
420 756 665 838 πολιτικώτερον
687 753 822 838 θιιίιιιζιι
841 754 947 818 adhue
965 753 1129 818 neminem
1148 753 1287 840 cognovi
1299 775 1393 818 :-ne
1405 752 1454 818 ille

259 864 391 951 quidem
414 883 490 927 euro
520 856 603 924 mihi
628 856 756 936 scribes,
783 879 866 942 quae
889 857 1040 922 maximis
1062 858 1098 922 in
1121 857 1217 923 rebus
1244 857 1292 924 rei
1319 856 1455 944 publicae

258 970 418 1055 geruntur
432 963 558 1040 cotidie,
573 961 637 1027 nisi
652 961 732 1047 quid
754 962 796 1026 ad
810 961 984 1047 meipsum
997 959 1181 1048 pertinebit.
1226 960 1373 1027 Seribent
1387 960 1453 1026 alii:

259 1072 356 1138 multi
370 1066 590 1136 nuntiabunt:
614 1065 754 1150 perferet
772 1065 879 1131 multa
892 1066 991 1131 etiem
1011 1066 1080 1151 ipse
1101 1087 1221 1130 rumor.
1266 1063 1343 1136 Qua
1355 1087 1390 1130 re
1403 1086 1455 1151 ego

259 1199 319 1243 nec
343 1172 517 1262 praeterita
534 1193 593 1235 nec
612 1169 794 1255 praesentia
817 1168 875 1236 abs
893 1182 936 1250 te,
952 1170 1008 1236 sed
1029 1174 1068 1235 ut
1091 1170 1131 1235 ab
1154 1169 1287 1235 homine
1309 1170 1404 1256 longa
1425 1169 1456 1234 in

259 1284 424 1367 posterum
438 1274 650 1362 prospiciente
671 1274 783 1339 futura
805 1277 963 1360 exspecto,
979 1277 1027 1353 ut,
1043 1296 1083 1339 ex
1099 1273 1165 1338 tuis
1178 1272 1298 1338 litteris
1313 1295 1383 1338 cum
1397 1272 1455 1338 for·

259 1405 348 1450 mem
359 1381 406 1447 rei
420 1378 568 1465 publicae
578 1376 725 1455 viderim,
735 1377 831 1462 quale
842 1377 1023 1444 aedificium
1033 1377 1182 1443 futurum
1193 1377 1236 1443 sit
1246 1376 1327 1442 scire
1337 1376 1455 1462 possim.

260 1488 292 1551 2.
315 1485 432 1570 Neque
456 1486 565 1547 tamen
587 1479 693 1545 adhuc
710 1479 813 1546 habeo
835 1482 922 1568 quod
936 1484 970 1546 te
985 1503 1128 1546 accusem
1141 1504 1148 1546 :
1172 1502 1278 1565 neque
1301 1480 1385 1545 enim
1399 1479 1456 1545 fuit

260 1591 349 1677 quod
361 1592 400 1654 tu
414 1586 488 1672 plue
511 1583 679 1671 providere
699 1605 808 1669 posses
830 1607 928 1669 quam
943 1584 1049 1670 quivis
1071 1588 1218 1649 nostrum
1235 1584 1272 1649 in
1292 1582 1456 1669 primisque

260 1714 332 1781 ego,
347 1691 404 1779 qui
429 1711 503 1755 eum
528 1686 683 1774 Pompeio
708 1689 889 1774 complures
912 1688 982 1754 dies
1003 1687 1103 1754 nullis
1127 1687 1163 1754 iu
1186 1687 1259 1753 eliis
1282 1687 1347 1752 uisi
1369 1688 1457 1753 dere
1536 1742 1537 1749 ,

259 1795 390 1885 publica
413 1788 613 1859 sermonibus
635 1794 781 1857 versatus
807 1814 901 1857 sum:
932 1814 1015 1878 quae
1038 1814 1097 1858 nee
1121 1795 1256 1878 possunt
1286 1791 1380 1857 scribi
1405 1813 1458 1857 nee

259 1898 428 1967 scribenda
443 1898 528 1961 sunt.
573 1892 717 1960 Tantum
736 1893 865 1976 hebeto,
880 1895 982 1962 civem
1002 1896 1170 1981 egregium
1190 1917 1258 1961 essa
1276 1894 1456 1983 Pompeium

261 2010 294 2071 et
308 2004 351 2069 ad
365 2001 484 2079 omnia,
494 2022 576 2085 quae
587 1997 787 2084 providenda
797 2000 921 2066 suntin
931 2022 966 2066 rc
980 1999 1119 2085 publiea,
1131 2002 1163 2066 et
1174 1999 1285 2065 animo
1296 1998 1458 2065 eteonsilic

260 2111 420 2195 paratum.
467 2103 543 2175 Que
556 2124 591 2167 re
605 2102 649 2166 da
662 2105 696 2167 te
715 2102 860 2168 homini:
882 2103 1120 2190 complectetur,
1135 2103 1218 2169 mihi
1232 2104 1335 2169 crede.
1377 2101 1458 2167 Nem

259 2212 361 2277 iidem
375 2209 427 2275 illi
446 2212 479 2273 et
499 2204 577 2271 boni
599 2208 633 2270 et
653 2205 733 2270 mali
758 2206 842 2272 cives
862 2207 1023 2286 videntur,
1039 2207 1095 2293 qui
1114 2206 1207 2272 nobis
1228 2206 1333 2273 videri
1353 2206 1457 2273 solent

261 2316 293 2379 3.
316 2313 392 2400 Ego
406 2332 480 2379 eum
494 2308 635 2375 Athenis
649 2309 759 2374 decem
781 2309 868 2395 ipsos
890 2311 959 2377 dies
977 2311 1110 2377 ferissem
1123 2311 1331 2396 multumque
1344 2332 1459 2377 meorum

261 2540 297 2592 cf.
318 2538 382 2589 Hor.
404 2537 457 2587 Sat.
476 2535 495 2586 i.
518 2539 540 2593 l,
559 2535 599 2595 78,
621 2537 659 2585 Ne
676 2543 698 2584 ta
717 2538 842 2598 compilant
924 2541 948 2587 2.
966 2537 1167 2603 complureadice]
1185 2535 1234 2588 ie.
1247 2537 1393 2603 threedeys.
1409 2537 1458 2587 tc.

254 2609 397 2671 ficientes:
417 2608 462 2652 not
480 2617 507 2650 as
526 2600 608 2650 Lewis
624 2602 673 2649 end
692 2600 766 2651 Short
784 2618 839 2666 eay,
890 2618 916 2654 v.
929 2604 953 2665 7,
966 2602 1015 2667 Ep.
1027 2619 1082 2653 cxc.

265 2668 414 2733 ‘epertively
430 2667 491 2716 used
507 2667 536 2715 ot
548 2681 563 2714 a
579 2665 708 2715 collection
723 2667 752 2715 of
765 2666 840 2716 docu-
923 2683 982 2731 quaa
992 2684 1033 2717 nec
1043 2668 1164 2717 entheata
1174 2666 1242 2733 eunt]
1262 2666 1360 2717 ‘which
1373 2665 1460 2716 neither

261 2742 350 2796 ments,
373 2729 584 2794 ecompiletion!
627 2732 738 2779 Christus
755 2746 841 2781 wasa
890 2733 963 2782 could
972 2748 1019 2783 nor
1029 2732 1118 2782 should
1125 2733 1156 2782 be
1166 2732 1297 2782 written':
1311 2730 1460 2793 quaeisnsed

261 2814 374 2851 common
384 2812 457 2847 name
467 2796 495 2845 of
505 2795 584 2844 eleves
595 2795 644 2844 aud
652 2795 787 2844 freedmen.
890 2797 917 2846 in
927 2798 994 2848 loose
1004 2797 1143 2861 eppoeitiou
1153 2796 1216 2846 with
1226 2798 1379 2856 emerem,
1399 2794 1457 2844 ‘die-

301 2865 359 2915 Vids
385 2900 392 2912 .
421 2899 427 2911 .
454 2898 461 2910 .
483 2858 626 2925 pertinebit]
667 2859 842 2924 Wesenberg’s
892 2863 1002 2913 cessione
1018 2878 1051 2912 on
1061 2862 1123 2912 such
1138 2862 1220 2925 points
1235 2877 1271 2922 ae,
1285 2861 1358 2911 deff:
1376 2860 1458 2925 ephe

278 2926 424 2978 unctnetion
444 2927 510 2987 (Bm.
528 2925 584 2973 Ate.
603 2940 629 2987 p.
647 2926 682 2988 4),
702 2924 784 2973 which
803 2940 842 2974 wo
893 2927 951 2976 Seu.
964 2930 988 2990 7,
1002 2928 1076 2989 saepe
1089 2929 1151 2975 enim
1166 2927 1271 2989 interfui
1282 2929 1391 2989 qemettin
1405 2962 1411 2973 .
1427 2962 1433 2973 .
1449 2962 1456 2972 .

295 3009 326 3043 ve
343 2991 456 3054 adopted,
473 2991 536 3039 suite
554 2989 596 3038 the
615 3004 686 3038 sense
703 2988 744 3038 far
761 2989 842 3039 better
891 3008 950 3054 qum
973 3030 980 3041 .
1003 3029 1010 3042 .
1031 3030 1038 3041 .
1060 2995 1138 3041 nostri
1168 3008 1206 3040 ere
1224 2994 1333 3053 αιᾳιιαὶιι
1350 2992 1459 3052 deptcrm

261 3056 357 3108 thenit
370 3062 456 3106 aucte
470 3054 498 3104 ot
514 3053 766 3117 exclamationisput
776 3053 842 3103 efter
891 3058 1002 3119 sciebant,
1026 3056 1109 3107 where
1156 3073 1178 3105 r.
1199 3055 1264 3105 Reid
1282 3056 1361 3106 refers
1380 3063 1405 3105 to
1424 3052 1457 3102 De

263 3125 376 3181 tribuam,
399 3121 449 3169 and
470 3119 514 3169 the
537 3126 652 3169 sentence
677 3118 707 3168 be
733 3118 841 3168 referred
891 3120 992 3171 Amicit.
1007 3125 1045 3181 14,
1062 3124 1130 3170 cuiue
1143 3123 1315 3182 disputationis
1323 3123 1457 3184 feritam·

261 3195 289 3238 to
311 3186 379 3236 what
401 3201 459 3249 goes
483 3183 576 3233 before.
619 3183 683 3232 ‘See
707 3183 751 3233 the
772 3191 842 3247 great
891 3202 957 3236 mum
964 3188 1252 3251 serodaeimmortatitate
1262 3189 1395 3233 animorum
1408 3198 1458 3246 quae

262 3250 420 3314 valuelput
430 3265 462 3300 on
472 3265 523 3314 you
537 3248 564 3297 in
577 3264 620 3312 my
634 3247 664 3312 ju
723 3253 766 3297 ent
782 3249 841 3313 (and
891 3267 915 3300 aa
934 3288 940 3300 .
961 3288 967 3300 .
989 3253 1106 3300 ,audiere
1120 3252 1219 3300 dicebat.
1254 3249 1287 3299 Iu
1297 3250 1359 3300 such
1370 3248 1458 3312 phrases

262 3316 366 3380 rightly,
389 3315 486 3373 indeed,
507 3319 562 3373 toc;
587 3312 661 3363 forI
713 3328 744 3362 ve
765 3328 842 3363 never
891 3331 918 3364 as
932 3332 960 3365 aa
976 3332 1000 3364 ec
1014 3332 1168 3379 ymercquae
1186 3315 1255 3379 (Fin.
1273 3314 1312 3364 iii.
1332 3315 1381 3377 711),
1397 3329 1423 3361 ιι
1436 3328 1457 3360 ιι

262 3388 314 3431 met
330 3397 345 3430 a
361 3396 419 3429 men
437 3394 505 3428 more
523 3394 555 3426 au
568 3378 624 3438 fait
640 3384 667 3428 et
680 3377 804 3443 politice:
827 3378 840 3426 1
891 3396 988 3430 nurnero
1004 3384 1055 3442 qui,
1071 3380 1133 3430 with
1147 3380 1228 3443 plural
1239 3379 1299 3429 verb
1317 3379 1400 3443 (Arch.
1412 3377 1455 3439 31),

262 3447 333 3496 don't
347 3450 415 3494 went
429 3460 479 3509 yon
494 3450 520 3492 to
534 3442 606 3492 write
620 3448 648 3492 to
664 3458 703 3492 me
719 3458 782 3492 even
798 3442 841 3492 the
890 3445 934 3495 the
945 3445 1055 3495 addition
1065 3445 1093 3495 ct
1103 3445 1146 3494 the
1156 3443 1348 3494 demonstrative
1359 3456 1458 3506 pronoen

263 3518 328 3561 most
348 3510 484 3573 important
504 3513 590 3557 events
612 3506 639 3556 in
660 3507 758 3570 politice
779 3507 840 3557 each
890 3511 990 3560 rendere
1004 3509 1048 3560 the
1062 3516 1131 3559 went
1144 3510 1172 3559 of
1185 3509 1277 3559 formal
1388 3505 1458 3557 cntof

262 3577 320 3640 dey,
338 3575 385 3625 but
401 3574 460 3686 only
471 3572 540 3622 what
556 3572 621 3621 shall
636 3572 700 3621 heve
715 3572 841 3622 reference
889 3574 993 3625 relative
1014 3575 1064 3624 and
1082 3574 1227 3625 antecedent
1244 3573 1293 3623 lese
1391 3587 1456 3635 :cp

262 3647 325 3691 tom
344 3638 410 3688 sels!

263 3705 286 3755 is
303 3657 385 3768 righu
406 3703 499 3752 suche
515 3718 615 3766 passage
632 3717 659 3750 as
676 3704 726 3750 nisi
736 3703 841 3764 quidm
926 3706 1030 3753 Tantum
1046 3702 1138 3768 habeb]
1174 3703 1258 3752 ‘Tale
1274 3702 1325 3751 this
1340 3700 1413 3751 much
1424 3700 1459 3750 fot

262 3773 346 3819 ateriae
356 3769 511 3818 mabuntur
530 3805 535 3816 .
555 3802 561 3814 .
581 3804 587 3815 .
606 3783 646 3815 vos
660 3767 747 3828 videbo,
767 3766 839 3817 ch.
891 3766 1457 3831 eartaiu‚thetPompeiueisepatrioticeitizeu‚

263 3835 291 3885 ii.
315 3836 353 3895 15,
375 3836 399 3894 b,
421 3832 468 3894 Ep.
488 3830 609 3892 cclxxiii„
634 3832 717 3880 where
738 3834 799 3894 quid
818 3830 841 3881 is
890 3833 1203 3899 andrendyinheartand
1215 3832 1458 3893 headtctalcevay

262 3916 353 3959 accus,
366 3897 388 3947 is
402 3904 446 3947 not
457 3896 566 3960 pamllel.
591 3896 711 3945 Itshould
722 3895 842 3946 beeither
890 3898 1033 3961 precaution
1040 3897 1123 3947 which
1133 3896 1155 3946 is
1165 3897 1279 3962 required
1287 3896 1328 3946 for
1335 3897 1377 3946 the
1385 3894 1458 3960 politi·

263 3968 312 4013 nisi
320 3965 387 4027 quod.
397 3962 458 4011 asin
465 3961 533 4011 Verr.
545 3961 573 4010 ii.
591 3964 630 4022 62,
644 3976 672 4010 or·
682 3963 731 4008 niet
738 3963 760 4008 ai
770 3963 838 4036 quid,
890 3963 928 4013 cul
938 3963 1057 4013 outlook.’

262 4036 327 4079 most
337 4028 455 4093 probably
466 4026 510 4076 the
521 4027 602 4084 latter,
616 4041 643 4075 as
657 4025 685 4074 in
702 4026 838 4086 Att.1i.s‚
923 4025 1000 4093 Nam]
1035 4026 1068 4077 So
1078 4026 1231 4089 Wesenberg
1245 4025 1313 4091 (Em.
1329 4026 1381 4075 Ali.
1398 4041 1421 4089 p.
1436 4026 1457 4084 4)

263 4098 288 4155 2,
300 4094 350 4157 Ep.
362 4093 449 4151 xxix.;
466 4092 495 4141 ii.
510 4095 548 4151 11,
563 4089 621 4152 1,Ε
641 4090 747 4139 .xxxi1.
891 4091 1172 4151 recessteedmtam,
1184 4091 1306 4157 probably
1316 4090 1414 4155 rightly.
1437 4087 1460 4138 lt

290 4157 410 4223 sormam]
441 4157 545 4221 ‘plan':
567 4156 602 4206 cf.
620 4107 708 4211 8111.
726 4155 755 4204 ii.
773 4158 798 4204 2.
817 4159 839 4215 1,
891 4156 1459 4222 aeeignsthereaeouwhyOacliueshouldantcr

264 4223 312 4287 Ep.
334 4240 366 4283 o.‚
387 4221 471 4271 where
491 4220 535 4271 the
553 4220 621 4270 word
642 4220 664 4269 ie
683 4221 744 4269 used
761 4220 789 4270 of
810 4235 842 4269 an
891 4221 945 4271 into
964 4222 1028 4272 cloee
1046 4222 1149 4271 alliencc
1170 4221 1233 4270 with
1253 4220 1397 4284 Pompeius:
1424 4234 1457 4282 cp.

264 4287 406 4339 architect’s
421 4287 480 4349 plan
495 4286 524 4335 of
539 4301 555 4334 a
569 4286 655 4345 house,
673 4286 727 4334 tte
741 4284 760 4335 i.
777 4289 800 4346 1,
816 4288 840 4343 2,
893 4287 960 4335 Idem
968 4290 1026 4336 cette
1037 4293 1106 4348 atque
1116 4289 1178 4335 idem
1189 4288 1285 4334 actiaca
1295 4287 1458 4348 dementem

265 4355 313 4417 Ep.
331 4370 368 4413 x.,
392 4353 525 4401 Petitarum
545 4351 600 4399 haec
617 4356 651 4399 eat
669 4350 746 4398 adbuc
762 4351 841 4414 insor-
892 4354 1000 4400 amicitia
1010 4358 1053 4413 eat,
1068 4351 1128 4401 Sall.
1142 4350 1199 4401 cet.
1211 4354 1250 4411 2⁰,
1264 4356 1289 4401 4.

264 4419 461 4480 ntataacyitatio.
927 4418 951 4466 3.
969 4420 1114 4481 multumque
1123 4414 1224 4482 mm]
1241 4416 1383 4480 sesaisaet.

457 3643 468 3687 t
478 3637 500 3686 is
511 3636 712 3700 questionableif
723 3640 771 3685 aiei
782 3639 843 3698 quid
890 3638 938 3703 Ep.
951 3639 996 3689 xii.
1011 3642 1050 3689 13.
