3150 5109
235 444 299 509 196
583 440 737 507 C'C'LIX.
763 439 888 526 (ΕΔΜ.
911 439 1021 508 XIII.
1044 440 1092 528 2).

235 638 316 696 mos,
336 616 462 703 legatos
478 618 562 697 taos,
584 614 674 701 quod
688 618 721 681 et
734 616 886 700 quaestor
904 617 955 681 est
972 619 1006 681 et
1020 617 1171 701 quaestor
1186 618 1273 685 tuus.
1316 613 1444 684 Nooere

233 720 297 788 tibi
309 720 431 787 iratum
443 718 608 785 neminem
621 739 714 805 posse
727 717 896 805 perapioio,
910 719 967 784 sed
981 721 1093 786 tamen
1105 723 1172 786 tres
1184 717 1302 786 iratres
1315 740 1443 788 summo

233 820 303 887 loeo
324 822 428 900 natos,
452 820 628 906 promptos,
651 839 719 885 non
743 817 917 885 indisertos
938 822 973 885 te
995 819 1071 885 nolo
1095 818 1212 885 habere
1236 817 1345 901 iratos,
1371 819 1443 888 iure

233 922 441 1012 praesertim:
464 943 545 1008 quos
563 922 659 988 video
680 920 834 1009 deinceps
853 920 1001 988 tribunos
1023 922 1068 1010 pl.
1089 944 1148 1009 per
1167 922 1347 989 triennium
1360 922 1441 990 iore.

235 1030 267 1094 3.
290 1025 451 1113 Tempora
465 1030 575 1092 autem
589 1025 636 1092 rei
650 1023 799 1112 publiaae
813 1025 925 1113 qualia
938 1026 1053 1093 futura
1065 1027 1132 1093 sint
1145 1026 1219 1112 quis
1232 1026 1319 1094 soit?
1354 1026 1443 1094 Mihi

234 1131 367 1220 quidem
385 1129 576 1197 turbulenta
595 1128 750 1196 videntur
770 1129 850 1199 fore.
899 1128 966 1196 Gur
987 1153 1049 1217 ego
1073 1134 1108 1197 te
1126 1130 1226 1197 velim
1245 1130 1387 1198 inuidere
1405 1132 1443 1198 in

232 1239 370 1303 terrores
382 1232 573 1300 tribunitius
585 1232 776 1319 praesertim
795 1255 870 1301 oum
892 1234 962 1301 sine
985 1234 1175 1321 ouiusquam
1194 1232 1443 1321 reprehensione

233 1337 423 1425 quaestoriis
435 1336 553 1425 legatis
567 1340 768 1423 quaestorem
781 1336 884 1423 possis
898 1337 1060 1404 anteferre
1073 1338 1089 1403 Ρ
1134 1337 1202 1411 Qui
1215 1337 1244 1404 si
1257 1360 1288 1404 ee
1301 1339 1443 1427 dignum

233 1442 408 1510 maioribus
422 1441 489 1507 auis
502 1439 697 1528 praebuerit,
711 1445 750 1507 ut
764 1460 858 1527 spero
872 1444 906 1506 et
921 1444 1008 1527 opto,
1023 1444 1082 1506 tua
1089 1440 1161 1506 laus
1175 1464 1216 1508 ex
1229 1441 1340 1528 aliqua
1349 1447 1443 1529 parte

233 1546 355 1614 fuerit:
378 1544 430 1612 sin
438 1545 519 1632 quid
533 1544 716 1624 offenderit,
731 1544 795 1612 sibi
809 1547 926 1624 totum,
942 1543 1028 1611 nihil
1041 1544 1105 1611 tibi
1118 1544 1302 1611 offenderit.
1347 1544 1442 1618 Quae

233 1648 317 1716 mihi
330 1646 504 1716 veniebant
517 1647 553 1714 in
572 1651 725 1729 mentem,
744 1669 828 1735 quae
850 1648 894 1713 ad
916 1652 950 1714 te
966 1648 1128 1734 pertinere
1149 1647 1339 1730 arbitrabar,
1354 1651 1442 1736 quod

233 1752 269 1819 in
292 1751 440 1819 Oilioiam
462 1750 692 1838 profiaisaebar,
714 1751 899 1818 existimavi
921 1773 974 1818 me
999 1752 1043 1817 ad
1067 1756 1101 1817 te
1124 1755 1271 1839 oportere
1293 1751 1441 1820 seribere.

233 1854 287 1923 'lu
301 1856 388 1942 quod
402 1854 516 1942 egeris,
530 1854 567 1921 id
580 1854 680 1921 velim
698 1855 734 1921 di
753 1854 945 1943 approbent.
990 1853 1056 1922 Sed
1070 1855 1098 1922 si
1110 1877 1164 1922 me
1186 1856 1307 1937 audies,
1322 1855 1444 1924 vitabis

232 1958 420 2026 inimioitias
433 1962 467 2025 et
480 1957 678 2045 posteritatis
692 1958 759 2026 otio
773 1959 931 2027 eonsules.

255 2315 408 2385 coam.
455 2313 625 2383 CICERO
647 2313 707 2382 ΤΟ
730 2313 876 2383 GAIUS
898 2313 1129 2383 lfflMMIUS
1152 2315 1255 2403 (Fau.
1279 2337 1355 2384 xm.
1380 2319 1420 2406 a).

386 2550 552 2596 asemona
566 2528 633 2615 (?);
657 2551 690 2595 a.
707 2549 742 2594 u.
759 2550 786 2594 c.
804 2547 872 2604 704;
897 2551 928 2594 a.
945 2550 972 2595 o.
990 2548 1042 2604 οοι
1065 2551 1141 2596 aar.
1159 2551 1219 2596 οιο.
1237 2550 1278 2599 te.

282 2743 320 2794 M.
332 2741 418 2794 Cioaro
428 2756 445 2793 a
455 2739 485 2793 0.
497 2738 617 2792 Memmio
627 2739 699 2805 petit,
712 2744 743 2790 ut
752 2739 870 2791 Euandro
886 2738 1007 2792 statuario
1023 2739 1118 2807 aliquid
1133 2740 1165 2792 de
1178 2740 1278 2793 merarii
1288 2739 1444 2795 habitatione

235 2825 410 2877 aooommodet.

660 2934 793 2991 CICERO
810 2935 965 2991 MEMMIO
983 2938 1011 2995 fl.

301 3078 339 3146 0.
354 3075 497 3146 Avianio
511 3074 679 3154 Euandro,
702 3075 759 3162 qui
778 3075 906 3144 habitat
926 3078 963 3143 in
981 3080 1040 3143 tuo
1062 3076 1209 3158 otorano,
1225 3081 1259 3145 et
1273 3077 1344 3164 ipso
1358 3078 1444 3144 mul·

234 3189 307 3251 tum
320 3186 395 3249 utor
414 3184 448 3248 at
461 3182 599 3267 patrono
618 3178 688 3245 eius
707 3179 756 3245 M.
772 3179 915 3248 Aemilio
937 3180 1198 3247 familiarissime.
1243 3180 1326 3249 Peto
1339 3182 1446 3270 igitur

269 3357 396 3416 domama.
410 3388 417 3401 .
431 3348 516 3415 ‚sord
558 3348 630 3399 ‘will
651 3348 683 3400 be
704 3349 817 3400 tribunes
897 3349 1064 3418 MEMMIO]
1096 3349 1159 3401 This
1176 3349 1198 3400 is
1215 3349 1259 3401 the
1275 3366 1343 3402 sama
1362 3350 1444 3403 Mem-

237 3421 265 3471 ot
288 3419 331 3469 the
351 3416 430 3482 plebs,
452 3415 481 3465 in
507 3413 655 3476 sueoession,
684 3413 726 3465 ior
746 3415 817 3465 three
865 3414 932 3466 mius
952 3420 979 3465 ιο
1000 3415 1084 3465 whom
1105 3415 1237 3466 Lueretius
1259 3415 1387 3467 dedicated
1404 3417 1445 3467 his

237 3482 328 3552 years!
865 3495 945 3544 poem,
969 3481 1018 3530 and
1039 3485 1066 3530 ιο
1087 3480 1171 3531 whom
1193 3479 1279 3531 Oioero
1302 3488 1380 3531 wrote
1400 3483 1445 3532 the

271 3552 294 3599 3.
314 3554 415 3597 terrores
435 3543 587 3610 tribuniotos]
612 3543 733 3594 ‘become
754 3543 814 3594 sub·
865 3545 1045 3596 famousletter
1057 3545 1128 3595 Fam.
1141 3544 1196 3595 xiii.
1211 3545 1270 3608 1,E
1290 3546 1392 3597 .oxoix.

237 3614 290 3678 ieet
309 3617 337 3662 ιο
358 3615 472 3661 oonstant
493 3608 663 3659 intimidation
682 3609 749 3659 imm
771 3608 816 3659 the
900 3611 926 3659 0.
954 3612 1062 3660 Ariamo
1089 3609 1218 3676 Euandro]
1295 3626 1309 3661 e
1337 3627 1389 3662 was
1428 3627 1443 3662 a

235 3675 367 3729 bibones!
864 3672 1030 3725 ireedmanof
1045 3674 1083 3725 M.
1096 3675 1218 3725 Aemilius
1228 3675 1351 3726 Avianius
1362 3676 1443 3742 (Fam

268 3736 487 3804 utspsrostopto]
519 3736 815 3788 Theusualdistinetion
864 3738 920 3789 xiii.
941 3740 993 3804 27),
1014 3739 1072 3789 who
1090 3740 1163 3790 helon
1228 3745 1255 3790 to
1271 3756 1288 3790 a
1304 3741 1445 3792 well-teda

237 3808 350 3858 between
370 3820 475 3867 spuere,
498 3808 525 3853 ιο
545 3802 610 3867 hope
635 3802 678 3853 ior
704 3802 816 3853 whatis
865 3802 927 3853 (lam
977 3804 983 3815 '
1038 3804 1137 3871 family.
1200 3820 1291 3855 ewas
1312 3822 1328 3855 a
1354 3806 1443 3856 diatim

236 3869 371 3923 attainable
399 3868 427 3918 in
454 3868 498 3918 the
526 3867 642 3944 ordinary
660 3882 758 3942 ‚oourse
785 3867 816 3918 ol
863 3819 1095 3944 gahhewmpwr,
1109 3871 1159 3919 and
1175 3870 1262 3921 Cicero
1275 3869 1416 3920 haddealin

236 3937 330 4001 mingo,
342 3932 741 3997 optare‚forwhat1satta1nable
754 3932 814 3998 only
864 3933 927 3983 wrth
943 3933 996 3983 him
1013 3934 1094 4049 hm·
1112 3935 1157 3985 vii
1175 3938 1215 3996 23,
1234 3939 1256 3997 1,
1269 3934 1318 3997 Ep.
1337 3934 1443 3986 cxxvi..

236 3996 815 4069 byextraordinarygoodfortune,isvirtually
863 3998 989 4048 Antonius
1033 3998 1123 4063 taught
1152 3999 1205 4049 him
1233 4006 1260 4050 ιο
1284 4000 1443 4062 Alexandria,

236 4066 367 4131 expressed
382 4063 450 4115 here.
484 4062 628 4113 Translata:
652 4068 696 4112 ‘as
715 4061 729 4113 1
748 4061 814 4126 hope
863 4062 966 4113 wheuoe
987 4062 1020 4113 he
1042 4079 1094 4114 was
1115 4063 1224 4130 brought
1244 4063 1308 4113 baelr
1324 4072 1350 4114 to
1366 4064 1445 4115 Rome

235 4133 285 4183 aad
295 4127 374 4196 pray.’
862 4142 890 4178 aa
905 4143 921 4177 a
937 4128 1049 4191 prisoner
1063 4129 1129 4179 after
1143 4129 1186 4180 the
1201 4129 1280 4179 battle
1292 4128 1320 4179 ol
1334 4130 1444 4180 Actium.

265 4195 420 4259 posteritatis
429 4191 490 4258 otto]
507 4191 581 4241 ‘take
595 4190 704 4256 thought
718 4189 760 4241 ior
768 4189 813 4241 the
862 4193 1015 4244 afterwards
1025 4192 1057 4243 he
1067 4194 1168 4243 worked
1182 4199 1208 4244 at
1218 4193 1258 4243 his
1268 4199 1308 4243 art
1317 4192 1345 4242 in
1355 4193 1443 4256 Rome,

236 4277 311 4325 peaoe
337 4259 366 4311 oi
392 4273 456 4324 your
481 4255 548 4332 aiter
572 4255 638 4306 lite!
680 4257 813 4332 Posteritoe
862 4257 1370 4335 andwahearoihishavingputanow
1381 4259 1446 4334 head

236 4324 579 4463 ιιιιιιιιι
595 4321 813 4449 ιιιι
861 4322 1446 4463 transmutabimur

237 4458 308 4508 Caes.
322 4453 385 4507 Bell.
398 4451 454 4503 (hv.
467 4452 486 4502 i.
500 4453 539 4514 13,
555 4454 578 4513 1,
591 4450 683 4516 quoted
693 4451 728 4517 by
741 4449 810 4501 Hof·
863 4450 930 4503 le.
943 4452 980 4502 H.
992 4453 1026 4502 N.
1039 4453 1129 4504 xxxvi.
1143 4456 1183 4503 32.

236 4537 321 4573 mann.
895 4516 1015 4584 wado]
1036 4516 1170 4568 Memmius
1176 4516 1280 4569 allowed
1286 4515 1447 4569 Avianiusto
