3150 5109
538 476 638 544 ore.
663 476 778 561 (Ars.
811 477 848 543 V.
874 479 916 559 7).

377 859 477 927 CXC.
523 857 582 924 ΤΟ
612 854 814 924 ATTICUS
847 855 943 940 (Ari.
974 877 1005 920 v.
1038 857 1079 937 7).

417 1070 450 1114 A.
467 1069 501 1113 o.
518 1070 546 1113 c.
563 1065 631 1126 ⁷0³3
655 1068 686 1111 a.
703 1067 731 1111 c.
747 1066 799 1125 513
822 1066 897 1110 Aur.
914 1066 975 1111 oro.
994 1064 1037 1113 55.

176 1235 214 1285 M.
228 1234 313 1286 Cieero
323 1235 355 1285 ad
366 1235 477 1286 Atticum
488 1237 518 1286 de
528 1234 680 1286 sermonibus
691 1250 748 1284 oum
760 1232 807 1284 Cn.
819 1231 936 1296 Pompeio
946 1231 1039 1283 habitis
1049 1231 1156 1283 breviter
1166 1232 1259 1295 scribit,
1268 1231 1334 1298 quod

127 1333 187 1367 eum
198 1316 249 1367 iam
260 1332 312 1368 esse
322 1317 460 1382 profectum
470 1315 498 1367 in
508 1317 613 1382 Epirum
623 1315 769 1380 suspicatur,
782 1313 885 1365 Tarenti
894 1313 1049 1378 profleisoens
1061 1313 1229 1364 Bnmdisium.

547 1557 679 1614 CICERO
696 1556 830 1612 ATTICO
848 1556 926 1612 SAL.

197 1697 325 1765 Cotidie
335 1697 388 1764 vel
401 1697 509 1784 potius
523 1698 559 1763 in
574 1697 642 1763 dies
656 1696 802 1784 singulos
815 1694 975 1762 breviores
988 1695 1113 1761 litterae
1127 1698 1170 1763 ad
1180 1701 1214 1763 to
1229 1697 1334 1763 mitto.

130 1802 258 1869 Cotidie
280 1801 368 1868 enim
390 1802 496 1890 magis
513 1801 656 1888 suspioor
672 1806 705 1868 le
727 1800 763 1865 in
783 1798 925 1886 Epirum
944 1799 1011 1864 iam
1031 1799 1223 1885 proiectum.
1269 1800 1336 1867 Sed

128 1910 251 1985 tamen,
262 1909 301 1971 nt
315 1907 507 1972 mandatum
522 1904 602 1971 soias
615 1926 668 1970 me
682 1926 808 1970 curasse
819 1904 935 1988 quode
950 1907 1041 1982 anle;
1057 1903 1104 1968 ait
1115 1924 1148 1969 se
1163 1902 1338 1991 Pompeius

131 2011 247 2096 quinos
271 2009 448 2096 praefectos
474 2009 658 2075 delaturum
686 2029 787 2074 novos
815 2006 992 2073 raoationis
1020 2007 1207 2073 iudiciariae
1232 2031 1337 2075 oausa.

131 2114 208 2202 Ego
233 2136 307 2180 oum
337 2114 483 2180 triduum
509 2136 582 2180 oum
612 2113 769 2199 Pompeio
799 2115 833 2178 el
860 2111 950 2198 apud
978 2110 1170 2197 Pompeium
1196 2112 1339 2194 fuissem,

132 2216 354 2303 profioisoebar
376 2216 591 2283 Brundisium
614 2240 644 2283 a.
670 2218 701 2283 d.
729 2238 794 2281 x11.
819 2214 899 2281 Kal.
919 2214 1044 2280 Iunias.
1107 2213 1221 2284 Civem
1245 2217 1340 2283 illum

132 2321 302 2410 egregium
326 2321 546 2408 relinquebam
573 2325 607 2388 et
633 2321 675 2386 ad
704 2319 794 2401 haee,
823 2340 905 2405 quae
930 2317 1097 2396 timentur,
1124 2320 1342 2406 propulsanda

133 2425 384 2511 paratissimum.
429 2424 518 2491 Tuas
531 2425 657 2492 litteras
671 2421 872 2510 exspeolabo,
887 2443 961 2488 oum
975 2421 1107 2507 utquid
1126 2444 1206 2510 agas
1221 2427 1292 2489 tum
1307 2432 1343 2489 ut

133 2528 192 2595 ubi
207 2528 250 2593 sis
265 2526 373 2594 seiam.

168 2730 636 2798 quotidieeelpotises'ndieaeinpaleo]
670 2731 717 2781 See
766 2729 938 2795 patronagein
954 2732 998 2782 the
1013 2730 1093 2782 hands
1109 2732 1137 2782 of
1152 2733 1196 2783 the
1210 2732 1348 2796 provincial

134 2794 346 2860 onlipmiff.
798 2810 896 2845 remor.
940 2797 994 2847 Tne
1014 2796 1117 2861 reading
1137 2796 1165 2846 in
1185 2797 1228 2847 the
1248 2797 1347 2847 textis

169 2878 213 2923 quo
224 2859 328 2925 mente]
346 2877 380 2910 so.
402 2863 434 2909 ad
450 2877 486 2909 me
503 2864 629 2922 scripsisti.
664 2860 717 2909 The
767 2810 909 2924 iimmg’s:
926 2861 967 2911 for
986 2862 1086 2912 various
1101 2861 1173 2912 other
1187 2868 1304 2926 suompte
1320 2867 1347 2912 to

136 2924 717 3040 ffissiiffpillllilwll
766 2925 1348 3042 pppffpgpprpmgrpssffippg

136 3055 223 3111 above,
236 3056 285 3104 and
301 3056 333 3114 1²,
346 3072 370 3118 p.
384 3058 423 3107 70.
457 3007 564 3113 Attieiis,
581 3071 614 3105 no
629 3007 715 3110 ‹ioubti
766 3006 906 3118 Arohipipui
935 3057 1027 3121 sought
1053 3055 1105 3106 this
1126 3056 1262 3119 privilege:
1295 3072 1348 3105 mm

138 3118 232 3168 wished
242 3126 268 3168 to
282 3136 366 3170 secure
376 3121 419 3170 the
429 3120 537 3184 position
546 3120 574 3172 of
579 3121 716 3183 praefectus
766 3122 864 3168 eicerem
881 3122 1100 3183 iudices,Domi1oe‚
1115 3128 1250 3170 convertam
1265 3122 1348 3170 inelo-

136 3184 178 3234 for
188 3200 254 3234 some
265 3184 442 3235 iriendoihis.
765 3185 1351 3247 ahesaFlaeiqurehippuaeaeationempetero

170 3252 225 3298 ait.
241 3286 247 3299 .
263 3250 364 3316 .causa]
395 3250 540 3313 ‘Pompeius
556 3265 612 3314 says
622 3249 654 3299 he
664 3250 718 3299 will
768 3251 843 3310 eoepit
859 3255 886 3297 ut
893 3251 1058 3313 philosophae,
1072 3250 1137 3313 Epp.
1149 3267 1175 3300 x.
1190 3252 1220 3299 58
1234 3252 1295 3314 (66),
1312 3254 1335 3301 1.

137 3313 240 3377 appoint
254 3315 304 3365 five
319 3331 375 3364 new
383 3316 499 3377 praefecti
516 3314 543 3363 in
559 3315 620 3365 each
634 3314 662 3365 oi
675 3315 719 3364 the
800 3316 963 3374 proficiscebar
982 3352 988 3365 .
1009 3352 1015 3365 .
1036 3352 1042 3365 .
1060 3315 1231 3380 relinquebam]
1266 3314 1348 3365 ‘Iam

139 3378 236 3441 Spains,
256 3385 283 3429 to
303 3395 387 3429 secure
409 3381 476 3428 them
497 3379 632 3443 immunity
653 3379 718 3429 from
768 3377 861 3442 setung
878 3386 923 3429 out
940 3380 990 3429 and
1006 3379 1123 3443 leaving,’
1142 3380 1197 3429 that
1212 3380 1243 3441 is,
1267 3379 1349 3430 ‘Iam

139 3442 239 3519 serving
249 3459 281 3493 on
290 3443 386 3509 juriesf
416 3445 470 3494 The
480 3444 649 3508 appointment
659 3460 716 3508 pro·
767 3441 844 3508 going
853 3450 880 3492 to
890 3450 928 3495 set
938 3450 983 3494 out
993 3447 1042 3495 and
1051 3444 1139 3496 leave)
1164 3444 1210 3496 See
1218 3460 1251 3495 on
1257 3446 1310 3495 ntt.
1320 3461 1347 3494 v.

139 3507 215 3572 bobly
224 3509 340 3559 mvolred
350 3524 383 3558 no
398 3509 487 3571 duties,
499 3511 607 3560 butwas
618 3509 680 3559 abit
691 3509 719 3559 of
770 3510 809 3569 17,
824 3512 847 3568 l,
860 3507 908 3573 Ep.
921 3508 985 3560 ooix.
