3150 5109
231 421 276 485 oo
584 419 764 487 cernar.
792 419 916 505 (rsa.
940 419 1014 484 111.
1039 420 1083 503 a).

232 592 418 660 faciendum
431 591 515 659 mihi
528 594 643 680 putavi
659 598 698 660 ut
718 593 784 659 tuis
802 592 921 660 litteris
934 592 1026 659 brevi
1039 591 1276 679 responderem.
1322 592 1353 657 2.
1376 588 1443 656 Sed

232 697 338 784 prima
352 697 417 763 duo
431 697 539 784 capita
553 697 707 783 epistolae
729 700 807 762 tuae
829 695 930 762 tacita
954 695 1037 762 mihi
1060 697 1202 782 quodam
1224 695 1321 761 modo
1343 693 1441 760 relin-

233 801 362 886 quenda
385 805 483 868 sunt:
506 800 591 867 nihil
613 800 703 866 enim
727 799 851 867 hahent
873 801 961 886 quod
985 799 1156 866 definitum
1176 799 1219 865 sit
1234 802 1292 865 aut
1306 802 1440 876 certum,

232 904 297 970 nisi
319 926 372 970 me
393 904 489 970 vultu
502 910 537 971 et
550 904 774 971 taciturnitate
799 904 997 991 significasse
1020 902 1083 969 tibi
1104 926 1170 969 non
1197 926 1264 970 esse
1290 902 1441 980 amioum,

232 1008 331 1093 idque
342 1029 400 1094 pro
414 1008 582 1090 tribunali,
598 1031 672 1074 cum
688 1008 814 1094 aliquid
824 1013 985 1095 ageretur,
997 1012 1030 1073 et
1045 1028 1112 1073 non
1122 1007 1223 1073 nullis
1236 1008 1273 1073 in
1287 1004 1443 1073 oonviffis

231 1110 381 1198 intellegi
403 1113 554 1198 potuisse.
600 1111 677 1179 Hoc
699 1115 807 1178 totum
822 1111 907 1178 nihil
921 1134 988 1178 esse
1003 1133 1135 1197 possum
1149 1111 1359 1198 intellegere:
1386 1110 1443 1176 sed

233 1236 309 1280 curn
319 1215 363 1281 sit
373 1215 468 1296 nihil,
484 1238 526 1281 ne
541 1215 759 1302 quiddioetur
773 1215 907 1301 quidem
917 1215 1085 1302 intellego.
1118 1214 1209 1281 Illud
1219 1215 1350 1301 quidem
1366 1213 1441 1293 scio,

232 1339 321 1384 meos
342 1319 463 1385 multos
477 1324 511 1385 et
524 1319 668 1386 illustres
682 1324 716 1386 et
731 1342 773 1385 ex
794 1320 957 1405 superiore
976 1322 1010 1384 et
1025 1342 1065 1384 ex
1080 1341 1183 1404 aequo
1197 1319 1266 1384 loco
1282 1337 1444 1384 sermones

232 1420 362 1487 habitos
376 1444 450 1488 oum
464 1427 523 1488 tua
537 1445 665 1489 summa
679 1424 777 1489 laude
792 1427 825 1490 et
839 1444 914 1489 oum
928 1444 1050 1510 magna
1061 1423 1279 1488 sollicitudine
1293 1426 1327 1488 et
1341 1419 1443 1507 signi·

232 1525 381 1591 ficatione
405 1530 533 1593 nostrae
559 1527 794 1594 familiaritatis
816 1529 859 1593 ad
874 1531 907 1593 te
926 1549 1000 1592 vere
1015 1527 1157 1611 potuisse
1179 1525 1308 1591 deferri.
1353 1523 1445 1590 Nam

231 1629 321 1714 quod
335 1628 517 1715 adlegatos
540 1631 669 1711 attinet,
695 1632 776 1718 quid
790 1653 810 1696 a
825 1653 877 1697 me
899 1631 970 1697 fieri
992 1632 1102 1717 potuit
1118 1635 1175 1696 aut
1190 1629 1372 1715 elegantius
1386 1631 1445 1694 aut

237 1732 355 1799 iustius
370 1756 469 1819 quam
483 1738 522 1798 ut
536 1738 687 1820 sumptus
702 1735 984 1823 egentissimarum
999 1735 1169 1801 civitatum
1181 1734 1361 1799 minuerem
1374 1731 1445 1797 sine

233 1837 302 1902 ulla
321 1836 550 1903 imminutione
573 1838 744 1925 dignitatis
767 1844 852 1920 tuae,
873 1838 1064 1927 praesertim
1077 1839 1156 1925 ipsis
1170 1836 1356 1903 civitatibus
1370 1858 1443 1923 pos·

232 1941 443 2008 tulantibus?
496 1940 586 2008 Nam
615 1941 697 2007 mihi
729 1946 837 2009 totum
866 1965 972 2031 genus
996 1943 1200 2030 legationum
1225 1946 1283 2007 tuo
1312 1939 1444 2005 nomine

233 2045 503 2131 proficiscentium
517 2049 633 2111 notum
648 2068 715 2111 non
731 2050 811 2112 erat.
856 2046 1024 2134 Apameae
1042 2070 1116 2112 cum
1138 2068 1248 2125 essem,
1263 2044 1442 2111 mirltarum

232 2229 397 2293 aretellring!
419 2230 814 2292 Tbemofs'mproborumbecame
865 2192 974 2298 signihes
1003 2239 1046 2284 ‘to
1067 2231 1159 2294 mean,’
1183 2230 1279 2295 though
1303 2230 1396 2296 mostly
1416 2230 1444 2280 in

233 2294 349 2345 attached
365 2302 392 2345 to
409 2295 453 2345 the
474 2302 536 2346 next
553 2298 630 2359 word,
649 2297 738 2347 thence
756 2313 814 2360 pru·
865 2306 965 2363 present
978 2298 1120 2349 indicative.
1155 2298 1244 2347 Fores
1254 2300 1382 2358 mperiore,
1396 2297 1446 2345 and

232 2360 472 2425 ducingmorate'euc.
489 2361 569 2410 Hhas
578 2364 719 2425 hortatione,
731 2362 815 2413 which
865 2380 894 2412 ex
910 2381 981 2426 aequo
1001 2366 1055 2425 loco,
1074 2378 1187 2426 compare
1202 2363 1329 2411 themora
1347 2361 1445 2426 strictly

234 2424 402 2490 mightstand,
418 2425 815 2492 ‘whatunprincipledmenurge
865 2429 930 2493 legal
952 2428 1105 2491 expressions
1123 2444 1171 2488 ,oro
1193 2428 1311 2475 tribunali
1338 2426 1388 2476 and
1417 2429 1447 2475 de

233 2506 285 2556 you
301 2492 398 2542 todo'.
428 2491 552 2542 Streicher
564 2494 599 2555 (p.
614 2493 669 2557 147)
686 2493 757 2543 reads
771 2497 812 2541 ot·
861 2497 937 2555 plano
948 2494 976 2543 ol
986 2494 1030 2543 the
1043 2493 1139 2556 Digest,
1153 2491 1249 2542 xxxvii.
1262 2496 1284 2552 1,
1299 2494 1322 2551 3,
1334 2493 1357 2539 8.
1391 2490 1446 2541 The

236 2559 380 2618 tractatione,
404 2555 510 2622 quoting
532 2557 602 2606 Fam.
626 2557 644 2607 i.
670 2559 693 2617 7,
718 2560 740 2616 t,
763 2557 813 2620 Ep.
865 2558 1133 2623 readingeolls'eituds'ne
1143 2564 1166 2606 et
1174 2559 1356 2620 agrestarum,
1366 2555 1446 2606 found

234 2620 318 2681 cxiv.;
336 2638 362 2671 x.
378 2625 402 2682 8,
417 2625 440 2673 7.
476 2623 527 2672 But
543 2622 639 2686 though
652 2623 696 2672 the
709 2623 815 2672 wordis
865 2624 893 2673 in
915 2623 988 2673 Harl.
1012 2626 1085 2684 2591,
1110 2622 1194 2672 males
1213 2622 1335 2670 excellent
1356 2636 1443 2680 sense;

234 2685 340 2735 suitable
354 2687 462 2751 enough,
475 2687 599 2762 implying
612 2688 668 2737 that
678 2686 700 2737 it
710 2703 761 2737 was
771 2687 816 2736 the
866 2688 893 2739 H
908 2688 954 2737 bas
968 2691 1127 2737 sollicitudine
1143 2690 1324 2750 significatione,
1338 2686 1387 2734 and
1402 2685 1446 2735 the

235 2750 344 2811 ίηιρνοόῑ,
373 2752 422 2800 and
447 2758 492 2801 not
519 2753 612 2811 Cicero,
639 2752 696 2802 who
723 2752 816 2801 abused
865 2761 889 2803 et
902 2753 975 2803 could
989 2754 1067 2829 easily
1083 2753 1147 2802 have
1162 2753 1270 2815 dropped
1285 2757 1329 2801 out
1343 2752 1409 2799 after
1430 2766 1446 2800 a

234 2814 338 2878 Appius,
356 2816 408 2866 still
424 2814 446 2866 it
460 2816 535 2866 istoc
551 2817 637 2866 unlilre
654 2815 816 2868 thewordof
865 2819 1075 2882 wordendingrn
1091 2835 1110 2866 e.
1144 2816 1198 2866 The
1212 2816 1290 2881 gerit.
1303 2815 1445 2865 afterrotli·

234 2880 278 2930 the
289 2895 345 2929 rrss.
866 2882 1002 2932 citudineis
1016 2883 1152 2949 objectiva:
1172 2884 1443 2945 cp.collicitudiaaepro·

261 2946 402 3007 faciendum
417 2983 423 2995 .
436 2980 443 2993 .
457 2982 464 2995 .
477 2945 650 3011 responderem]
671 2944 817 3010 ‘Ithougbt
865 2950 965 3009 cinciae,
984 2949 1037 2997 Ast.
1055 2947 1090 2997 vi.
1110 2949 1133 3007 b,
1152 2949 1175 3004 3,
1191 2947 1238 3009 Ep.
1254 2945 1343 2995 cclxix.
1378 2944 1446 2994 Most

236 3008 249 3058 1
259 3025 311 3058 was
321 3010 404 3059 bound
415 3016 441 3060 to
451 3010 524 3059 make
535 3010 623 3060 abrief
632 3009 704 3076 reply
714 3017 741 3061 to
751 3027 816 3075 your
866 3013 956 3062 editors
974 3012 1112 3075 (Graevius,
1129 3011 1220 3071 Baiter,
1237 3011 1321 3071 Klotz,
1339 3008 1443 3059 Wesen-

234 3074 336 3124 letters.'
372 3075 423 3124 For
432 3075 494 3124 such
504 3074 641 3138 pleonasms
656 3075 813 3140 seertegles-
866 3077 934 3140 berg)
952 3077 1018 3127 after
1033 3077 1175 3136 Cratander,
1194 3075 1257 3125 wish
1273 3081 1300 3125 to
1315 3075 1386 3124 leave
1401 3079 1447 3123 out

234 3138 307 3200 bach,
319 3155 345 3202 p.
358 3143 415 3189 601.
866 3144 1034 3191 sollicitudine.
1068 3141 1102 3190 In
1112 3140 1241 3190 Palatinus
1252 3140 1359 3201 Tertius,
1377 3140 1444 3188 solli-

269 3206 293 3252 2.
312 3204 406 3271 capite]
443 3204 629 3268 ‘peramplis‘
866 3206 1274 3270 citudinesiynifieacroeirisread‚
1288 3209 1446 3254 ‘conoemto

267 3270 337 3317 cuttu
353 3275 376 3317 et
393 3269 572 3336 taciturnitate]
605 3269 649 3319 the
670 3268 772 3333 reading
788 3268 817 3319 of
865 3272 973 3322 indicate
989 3287 1035 3322 our
1050 3269 1206 3334 friendship,’
1226 3271 1276 3320 and
1291 3269 1396 3332 adopted
1410 3268 1445 3332 by

234 3331 468 3398 Handitsiamily.
494 3334 644 3384 Momiteet.
669 3334 813 3384 Translate:
867 3336 962 3386 Schiitz
974 3336 1119 3385 andOrelli.

237 3398 287 3463 ‘by
298 3414 341 3463 my
352 3398 422 3448 looks
437 3398 485 3447 and
500 3399 535 3464 by
546 3399 614 3449 what
625 3399 638 3447 l
650 3398 698 3449 left
708 3398 813 3448 unsaid'
898 3401 1039 3465 elegantiae]
1063 3401 1104 3450 ‘in
1115 3400 1195 3450 better
1204 3400 1286 3448 teste·
1310 3397 1371 3447 This
1378 3398 1447 3447 word

236 3462 281 3525 (or,
296 3463 408 3526 perhaps,
423 3468 524 3512 ‘severe
534 3463 625 3513 silence
634 3463 664 3528 ').
866 3465 888 3515 is
903 3467 973 3515 often
988 3466 1048 3515 used
1062 3465 1128 3515 fora
1142 3466 1236 3514 relined
1248 3463 1310 3512 life:
1328 3478 1367 3525 cp.
1381 3462 1445 3511 Sull.

268 3528 322 3576 Her
339 3564 346 3577 ,
365 3563 371 3575 .
391 3563 397 3575 .
416 3528 518 3595 descen]
554 3529 641 3578 ‘lean
665 3526 815 3578 uiteunder·
868 3531 907 3592 79,
925 3531 1010 3580 Plano.
1029 3534 1068 3592 31,
1087 3531 1136 3579 and
1153 3529 1253 3578 Holden
1269 3529 1302 3576 ad
1317 3529 1370 3589 lca,
1388 3526 1447 3576 who

234 3593 308 3641 stand
325 3592 364 3658 [as
380 3609 431 3657 you
448 3593 504 3659 say]
522 3593 578 3642 that
593 3595 627 3642 all
643 3545 695 3642 slis
710 3593 732 3642 is
748 3609 815 3643 mero
866 3604 953 3661 quotes
968 3596 1062 3644 Halm:
1083 3600 1100 3624 “
1110 3595 1176 3651 Quid
1192 3594 1225 3643 sit
1240 3592 1364 3657 elegantia
1378 3590 1447 3641 ritae

235 3657 357 3720 nothing:
376 3658 422 3708 but
432 3659 528 3722 though
538 3657 814 3722 itisnothinglcun·
866 3660 959 3724 optime
985 3659 1073 3722 opinor
1093 3658 1223 3721 intellegas
1250 3659 1271 3707 si
1293 3656 1447 3721 reputaveris

235 3728 280 3772 not
293 3723 443 3772 understand
457 3724 525 3775 what
539 3723 582 3773 the
599 3729 731 3773 statement
744 3724 816 3773 made
866 3741 930 3789 quae
940 3725 1063 3788 elegantia
1073 3724 1192 3774 sermonis
1203 3724 1305 3773 dicatum.
1336 3721 1371 3772 Ut
1379 3721 1446 3771 enim

235 3792 263 3837 to
279 3802 329 3851 you
346 3804 392 3837 can
408 3788 447 3837 be.
490 3787 551 3837 Thia
567 3788 668 3838 muchl
685 3790 714 3837 do
728 3787 814 3848 know,
867 3790 927 3839 haec
943 3792 970 3838 in
986 3806 1049 3853 pura
1064 3795 1090 3838 et
1106 3789 1248 3850 incorrupta
1270 3786 1447 3837 consuetudine

235 3851 291 3902 that
313 3868 364 3917 you
385 3852 466 3966 milght
487 3852 551 3903 have
572 3853 622 3902 had
644 3860 700 3903 true
720 3858 817 3916 reporta
867 3851 1445 3930 cernitur(Brut.261),sicelcgentiaadeitam

236 3915 264 3966 of
281 3933 358 3983 many
375 3933 413 3966 we
435 3918 536 3967 -lrnown
558 3917 673 3980 speeches
691 3917 817 3967 delivered
866 3920 986 3969 uunslata
1007 3920 1038 3969 de
1059 3935 1088 3968 ea
1106 3926 1158 3968 vita
1180 3917 1271 3966 dicitur
1292 3932 1355 3981 quae
1374 3931 1447 3965 omne

236 3981 271 4046 by
284 3998 332 4043 me,
355 3982 416 4032 both
435 3997 468 4031 on
485 3983 534 4030 and
555 3983 593 4031 off
608 3982 652 4032 the
667 3981 755 4040 bench,
774 3998 815 4031 re·
868 3985 934 4049 quod
949 3983 977 4033 in
992 3983 1102 4033 moribus
1117 3983 1236 4033 vitiosum
1258 3988 1283 4031 et
1304 3987 1447 4044 corruptum

236 4045 331 4123 iening
353 4052 380 4096 to
400 4062 451 4122 you
468 4047 495 4096 in
512 4052 588 4096 terme
609 4047 637 4097 of
655 4047 700 4097 the
716 4046 817 4112 highest
868 4048 947 4098 videri
961 4049 1040 4112 possit
1050 4048 1129 4099 oderit
1140 4055 1165 4098 et
1175 4047 1308 4111 diligenter
1319 4050 1450 4123 caveatnc

235 4111 817 4240 ettattthtdhttoetdt’tt
867 4114 1452 4255 trattitlttthtttttsttttet

235 4241 293 4291 sista
317 4242 429 4292 between
453 4241 503 4290 us.'
549 4241 578 4290 If
601 4241 644 4291 the
671 4241 818 4291 translation
867 4250 910 4293 too
926 4243 1001 4292 much
1017 4250 1091 4293 strecs
1107 4260 1129 4294 rs
1145 4243 1196 4293 laid
1212 4259 1245 4293 on
1261 4241 1359 4306 strictly
1374 4242 1453 4290 moral

235 4305 311 4381 given
321 4307 434 4356 aboveis
449 4306 561 4369 adopted,
573 4305 644 4383 there
654 4306 676 4356 is
687 4321 719 4355 no
730 4322 815 4382 neces·
869 4307 996 4374 qualities.

235 4370 818 4501 turrecrematae}
868 4367 1451 4500 terere

235 4508 262 4551 to
283 4516 340 4564 pass
405 4508 417 4550 t
437 4500 459 4551 it
481 4516 532 4551 was
551 4499 622 4551 said!
664 4503 725 4551 Dico
746 4501 817 4553 often
870 4502 918 4553 des
930 4517 996 4553 were
1012 4502 1087 4566 being
1102 4501 1249 4566 despatched
1262 4500 1290 4549 in
1304 4514 1369 4564 your
1383 4497 1450 4548 inte-
