3150 5109
234 439 299 506 212
581 438 746 507 OOLXV.
773 436 897 522 (Fam
920 437 995 503 III.
1018 438 1088 520 11).

247 901 412 972 OOLXV.
457 901 626 970 CICERO
648 901 708 969 ’10
729 900 904 970 APPIUS
926 900 1169 970 CLAUDIUS
1191 900 1424 970 PULOHER

707 1015 813 1102 (Fau.
834 1037 888 1082 ιιι.
912 1018 971 1102 ιι).

460 1230 572 1291 rmum
594 1230 627 1275 ι.
639 1230 673 1275 u.
684 1230 711 1275 c.
728 1225 799 1290 τοις
828 1230 858 1276 a.
875 1230 902 1275 c.
919 1229 973 1291 ⁶⁰3
994 1230 1069 1275 aar.
1086 1229 1147 1275 cm.
1164 1229 1205 1278 ae.

276 1405 352 1471 Appii
362 1406 451 1457 litteris
461 1405 527 1457 binis
537 1407 675 1470 respondet,
694 1412 720 1458 et
735 1405 844 1470 primum
854 1404 956 1471 quidem
970 1403 1107 1456 maiestatis
1117 1404 1220 1456 crimine
1230 1403 1336 1457 liberato
1346 1408 1436 1470 grem-

228 1489 303 1539 latnr.
336 1488 377 1538 he
387 1488 489 1539 alteram
500 1488 629 1552 epistolam
639 1487 687 1538 hoc
701 1488 841 1552 respondet,
858 1486 950 1553 gratias
964 1487 1025 1552 egit,
1041 1487 1107 1552 quod
1117 1486 1148 1538 de
1158 1492 1227 1538 stetu
1236 1486 1273 1538 rei
1283 1487 1353 1551 publ.
1366 1487 1398 1537 ed
1408 1502 1438 1537 se

228 1568 353 1634 scripserit
362 1569 466 1633 Appius,
482 1569 605 1621 orationes
621 1569 676 1620 eius
692 1569 762 1634 cupit
777 1569 810 1619 ed
825 1583 852 1620 se
868 1567 944 1631 micci,
961 1574 1053 1633 purgat
1068 1583 1096 1618 se
1111 1568 1142 1618 de
1157 1567 1248 1619 litteris
1260 1574 1334 1619 antea
1344 1567 1437 1619 missis.

230 1651 327 1718 Scripta
337 1650 441 1716 epistola
450 1658 489 1702 est
498 1651 526 1701 in
536 1651 623 1704 cestris
633 1652 665 1702 ed
676 1651 822 1718 Pyramum.

372 1854 411 1910 11.
430 1853 562 1910 CICERO
580 1854 637 1912 AP.
658 1854 810 1925 amano,
830 1853 879 1910 UT
896 1851 1021 1922 SPERO,
1040 1851 1243 1909 CENSORIS.
1263 1852 1301 1909 D.

295 1997 324 2060 1.
348 1993 433 2061 Oum
452 2016 554 2060 essem
570 1994 606 2060 in
627 1994 740 2061 eastris
758 1995 802 2061 ad
819 1994 956 2060 flurium
976 1993 1166 2076 Pyramum,
1189 1993 1336 2060 redditae
1354 1993 1439 2060 mihi

228 2104 394 2166 suntuna
418 2102 563 2184 tempore
588 2120 608 2164 a
632 2102 666 2165 ts
690 2098 958 2186 epistolaoduae‚
983 2119 1063 2183 quas
1082 2097 1126 2162 ed
1145 2119 1197 2163 me
1216 2095 1257 2169 Q.
1282 2095 1440 2164 Servilius

228 2199 329 2265 Tarso
357 2198 498 2264 miserat.
543 2196 669 2264 Earum
698 2199 734 2264 in
764 2198 867 2265 altere
896 2197 964 2264 dies
999 2201 1068 2263 erat
1097 2197 1236 2283 ascripta
1264 2196 1437 2263 Nonarum

228 2301 414 2388 Aprilium:
436 2301 473 2366 in
487 2302 599 2383 altera,
614 2325 697 2391 quae
717 2301 802 2369 mihi
820 2303 977 2368 recentior
991 2298 1172 2380 videbatur,
1189 2301 1257 2366 dies
1271 2321 1338 2367 non
1353 2305 1435 2367 erat.

229 2404 444 2494 Respondebo
458 2406 561 2493 igitur
575 2405 731 2494 superiori
745 2406 844 2492 prius,
865 2405 902 2472 in
916 2427 981 2492 que
1001 2404 1113 2472 scribis
1127 2405 1170 2471 ad
1184 2426 1237 2470 me
1251 2405 1292 2470 de
1307 2403 1438 2470 absolu-

229 2510 318 2576 tione
333 2508 519 2575 maiestatis.
564 2508 617 2576 De
631 2533 696 2596 qua
710 2510 772 2577 etsi
785 2512 984 2597 permultum
1000 2514 1076 2576 ante
1095 2509 1211 2576 certior
1224 2507 1330 2574 iaetus
1344 2530 1437 2575 eram

229 2614 356 2692 litteris,
377 2614 513 2693 nuntiis,
538 2612 628 2680 ieme
649 2615 788 2701 denique
809 2614 1007 2701 ipsa-nihil
1028 2614 1116 2680 enim
1133 2613 1199 2679 fuit
1218 2612 1346 2693 elarius,
1368 2635 1437 2679 non

229 2740 294 2803 quo
309 2716 479 2804 quisquam
502 2716 597 2783 eliter
614 2721 768 2804 putasset,
792 2719 850 2784 sed
872 2718 957 2784 nihil
980 2719 1020 2784 de
1039 2716 1223 2804 insignibus
1242 2719 1286 2783 ad
1304 2717 1437 2784 leudem

229 2821 308 2886 viris
330 2820 462 2886 obscure
483 2820 630 2887 nuntiari
654 2823 890 2888 solet-tamen
911 2822 1024 2888 eadem
1046 2821 1105 2886 ille
1129 2820 1264 2887 laetiora
1288 2820 1439 2888 iecerunt

229 2924 311 2991 mihi
325 2928 401 2991 tuae
416 2923 553 3005 litterae,
568 2946 636 2990 non
657 2924 762 2991 solum
781 2925 858 3011 quie
877 2926 1006 3012 plenius
1026 2923 1242 3010 loquebantur
1256 2927 1290 2991 et
1304 2923 1437 2992 uberius

229 3050 328 3114 quem
354 3027 448 3113 vulgi
472 3048 587 3108 sermo,
613 3029 670 3094 sed
690 3028 789 3095 etiam
809 3029 887 3115 quie
907 3029 1013 3117 megia
1033 3028 1167 3095 videbor
1187 3025 1248 3094 tibi
1263 3028 1435 3114 gratulari,

228 3154 303 3198 oum
317 3132 358 3198 de
373 3136 406 3198 te
421 3154 462 3198 ex
475 3134 509 3196 te
522 3130 593 3216 ipso
608 3131 790 3197 audiebam.
836 3135 867 3199 2.
890 3132 1085 3221 Complexus
1104 3132 1206 3220 igitur
1225 3154 1298 3198 snm
1313 3131 1436 3219 eogita-

229 3237 318 3301 tione
331 3238 365 3301 te
380 3233 567 3301 absentem:
592 3234 762 3321 epistolam
777 3259 853 3305 vero
867 3237 1029 3303 osculatus
1043 3237 1217 3321 etiemipse
1232 3235 1314 3301 mihi
1322 3242 1437 3323 gratu·

228 3340 316 3407 letus
341 3360 424 3405 sum.
470 3337 563 3410 Quae
589 3338 677 3404 enim
703 3363 723 3405 a
748 3346 864 3408 annoto
886 3342 1016 3428 populo,
1041 3363 1062 3405 e
1083 3345 1207 3421 senatu,
1230 3361 1250 3405 a
1275 3339 1437 3407 iudicibus

229 3441 373 3530 ingenio,
395 3441 584 3523 industriae,
614 3443 730 3509 virtuti
755 3444 956 3525 tribuuntur,
982 3444 1059 3531 quia
1084 3442 1166 3509 mihi
1186 3443 1255 3529 ipse
1286 3445 1439 3511 adsentor

231 3547 375 3625 tortasse,
399 3567 473 3611 eum
493 3567 532 3611 ea
553 3568 620 3612 esee
645 3546 681 3612 in
705 3549 877 3635 mollugo,
899 3547 981 3614 mihi
1002 3570 1129 3634 quoque
1150 3545 1214 3633 ipsi
1227 3546 1328 3613 tribui
1344 3552 1435 3634 puto.

235 3649 266 3717 N
267 3672 302 3716 eo
319 3653 388 3715 tam
408 3647 585 3734 gloriosum
606 3651 731 3716 exitum
749 3652 800 3719 tui
820 3652 933 3718 iudicii
953 3651 1121 3732 exstitisse,
1143 3652 1201 3717 sed
1217 3654 1286 3716 tem
1303 3674 1437 3737 pravam

231 3752 435 3820 inimieorum
450 3757 580 3819 tucrum
594 3759 739 3821 mentem
753 3755 853 3823 fuisse
867 3756 1018 3823 mirabar.
1064 3754 1116 3821 De
1130 3753 1257 3821 embitu
1271 3755 1438 3842 veroquid

266 3944 289 3989 1.
301 3937 446 4003 Pyramum]
459 3938 687 3993 Ariserincilieie
694 3941 808 3994 between
858 3943 948 3994 merit!
983 3943 1033 3993 For
1041 3943 1074 3991 ad
1082 3945 1090 3969 ⁴
1098 3940 1306 4006 withregardto,’
1316 3957 1354 4006 ep.
1363 3941 1435 3993 Verr.

230 4006 319 4056 Adana
329 4002 468 4054 endlssus.
857 4009 893 4058 iv.
915 4011 969 4069 117,
989 4011 1039 4057 ritu
1056 4009 1181 4069 praeclaro
1202 4008 1235 4054 ad
1255 4013 1392 4068 repertum
1409 4023 1426 4056 r

266 4071 294 4127 Q.
309 4067 440 4134 Serviliae]
474 4067 521 4119 See
534 4083 567 4119 on
585 4069 708 4121 Famiit
725 4074 805 4135 10‚2‚
859 4075 899 4134 68,
912 4074 979 4122 nihil
990 4079 1039 4122 tam
1049 4075 1155 4121 olcarum
1166 4072 1293 4134 aderitus,
1306 4072 1373 4120 nihil
1387 4078 1437 4121 tam

230 4134 279 4200 Ep.
292 4132 364 4185 cclxi.
858 4144 965 4199 saeptam
981 4140 1093 4200 undique,
1107 4138 1173 4186 nihil
1183 4142 1233 4185 tam
1244 4142 1324 4186 tutum
1336 4138 1369 4185 ad
1381 4152 1436 4185 car·

259 4197 418 4262 pnmaltum]
451 4196 638 4261 Forpsrmulto,
651 4199 755 4265 chiv.
768 4200 806 4251 iii.
859 4206 936 4253 taedias
957 4218 997 4251 aee
1011 4204 1072 4264 steri
1094 4217 1135 4250 me
1157 4204 1259 4265 ospitari
1276 4207 1357 4264 patret
1389 4204 1434 4266 (se.

233 4267 270 4327 15,
281 4267 304 4326 2,
315 4271 432 4328 quantum
443 4265 538 4326 mcciv
555 4279 579 4314 v.
588 4268 628 4327 21,
641 4270 679 4328 14,
690 4274 808 4330 matum
858 4267 920 4317 than
932 4266 1072 4332 Syracuse).

229 4333 316 4380 maier.
891 4335 915 4381 2.
933 4329 1144 4397 quia...flsrpo]
1176 4330 1297 4395 Aslightl
1327 4329 1437 4395 illogical
1521 4380 1526 4389 ,

262 4392 364 4457 cham]
401 4393 480 4442 ‘more
491 4391 687 4456 telksdabout'3
705 4396 806 4458 omaro,
857 4402 980 4447 sentence.
1026 4396 1052 4447 It
1073 4396 1152 4461 ought
1172 4401 1199 4446 to
1220 4396 1251 4446 be
1279 4400 1286 4424 ‘
1355 4395 1436 4446 useI

232 4459 356 4509 ‘without
364 4459 475 4522 exciting
485 4456 584 4508 notice!
857 4461 965 4526 imagine
985 4460 999 4511 I
1019 4461 1083 4512 hare
1104 4462 1174 4512 these
1196 4460 1318 4526 qualibus,
1339 4460 1437 4527 though

262 4525 397 4589 11ιό9111111
407 4526 439 4572 ad
451 4521 557 4589 hm]
592 4524 770 4589 ‘conspicuous
780 4525 808 4575 in
857 4527 962 4593 thereby
973 4526 987 4577 1
998 4525 1109 4593 possibly
1119 4528 1205 4577 tlatter
1214 4525 1323 4591 myseli!
