3150 5109
402 449 639 517 CCXXVIII.
670 448 787 536 (ΔΤΥ.
819 450 857 519 V.
880 450 950 537 20).
1214 452 1275 519 115

77 623 297 691 Maoedoniem
307 624 468 692 redderet
496 622 573 690 Hoo
585 623 652 690 iam
664 621 709 689 sio
719 620 847 703 habeto,
857 645 916 689 neo
927 622 987 691 hoo
1001 625 1143 691 exeroitu
1157 647 1209 692 nee
1222 624 1276 692 hio

76 734 166 795 tanta
179 728 313 817 negotia
326 727 398 816 geri
418 727 569 815 potuisse.
619 726 713 800 Quae
727 748 882 814 eognosoe
896 731 930 795 ἐν
945 732 1086 817 ἐπιτομῇ·
1121 727 1175 796 sio
1190 730 1277 796 enim

77 833 218 899 eonoedis
242 832 326 899 mihi
346 831 502 920 proximis
522 830 650 898 litteris.
688 829 856 917 Ephesum
877 834 916 896 ut
937 831 1081 898 venerim
1103 831 1199 913 nosti,
1221 832 1278 919 qui

77 936 172 1002 etiam
187 936 269 1003 mihi
283 935 468 1024 gratulatus
482 957 516 1002 es
529 935 618 1001 illius
640 933 706 1000 diei
729 932 958 1015 oelebritatem,
974 957 1039 1021 qua
1052 935 1136 1001 nihil
1150 958 1202 1002 me
1216 959 1276 1002 un·

77 1063 171 1126 quam
186 1039 360 1106 delectavit
367 1038 482 1126 magis.
511 1037 595 1105 Inde
609 1039 645 1103 in
653 1036 780 1124 oppidis
794 1036 845 1118 iis,
855 1041 944 1124 †que
958 1042 1073 1113 erantt
1087 1038 1279 1107 mirabiliter

77 1143 194 1229 aoeepti
208 1142 405 1210 laodioeam
414 1141 519 1229 pridie
535 1141 613 1208 Kal.
630 1140 719 1208 Sext.
735 1140 893 1208 venimus.
941 1139 996 1208 Ibi
1009 1143 1127 1209 morati
1142 1142 1278 1210 biduum

80 1246 273 1333 perillustres
293 1245 417 1312 fuimus
437 1244 685 1331 honorifioisque
699 1244 806 1312 verbis
820 1266 931 1312 omnes
945 1244 1080 1312 iniurias
1093 1247 1278 1314 revellimus

79 1351 247 1437 superioris
261 1353 454 1434 quadriennii
461 1373 474 1426 ,·
500 1349 589 1416 idem
604 1349 681 1414 dein
695 1347 862 1435 Apameae
876 1347 1019 1435 quinque
1033 1349 1101 1416 dies
1115 1351 1232 1417 morati
1246 1356 1280 1419 et

80 1452 239 1538 Synnadis
252 1453 409 1533 triduum,
424 1452 611 1519 Philomelii
625 1451 769 1538 quinque
792 1451 870 1533 dies,
886 1451 991 1519 Ioonii
1010 1454 1120 1520 desem
1133 1454 1277 1521 feoimus.

81 1555 172 1623 Nihil
195 1579 236 1624 ea
260 1556 341 1623 iuris
365 1556 506 1623 diutione
535 1554 748 1643 aequabilius,
772 1555 857 1623 nihil
882 1555 998 1638 lenius,
1028 1556 1112 1623 nihil
1137 1559 1278 1646 gravim.

82 1662 110 1727 2,
131 1661 214 1728 Inde
238 1662 275 1728 in
291 1664 396 1728 eastra
415 1661 491 1727 veni
511 1681 541 1725 a.
558 1659 589 1725 d.
609 1680 673 1725 vn.
688 1657 766 1725 Kal.
783 1659 966 1746 Septembr.
1011 1659 1054 1726 A.
1071 1662 1103 1726 d.
1120 1683 1173 1727 111.
1189 1684 1278 1730 exer·

82 1764 175 1831 eitum
201 1764 340 1831 lustravi
368 1765 457 1852 apud
485 1763 646 1830 Ioonium.
699 1762 756 1829 Ex
781 1762 832 1828 his
858 1764 979 1844 eastris,
1005 1786 1079 1831 oum
1105 1787 1221 1851 graves
1240 1767 1280 1833 de

83 1867 206 1935 Parthis
236 1868 349 1936 nuntii
385 1867 543 1949 venirent,
576 1865 704 1954 perrexi
731 1866 768 1933 in
798 1864 945 1933 Oilioiam
973 1888 1031 1954 per
1059 1867 1280 1956 Cappadooiae

83 1976 200 2059 partem
209 1994 294 2054 eam,
311 1994 394 2060 quae
409 1971 556 2039 Oilioiam
571 1970 717 2057 attingit,
732 1992 770 2037 eo
785 1969 927 2051 oonsilio,
941 1976 980 2037 ut
993 1970 1171 2039 Armenius
1181 1974 1279 2041 Arta·

84 2077 188 2143 vasdes
208 2080 242 2143 et
265 2076 329 2163 ipsi
343 2074 460 2142 Parthi
482 2073 686 2162 Cappadooie
711 2096 745 2140 ee
763 2073 893 2140 exoludi
906 2079 1069 2160 putarent.
1115 2075 1199 2145 (lum
1212 2078 1281 2145 dies

84 2181 218 2266 quinque
233 2181 276 2246 ad
291 2177 443 2265 Cybistra
458 2174 714 2267 [Cappadooiee]
738 2182 843 2244 eastra
865 2176 1058 2260 habuissem,
1073 2179 1189 2247 eertior
1209 2204 1281 2248 sum

85 2283 181 2350 iaetus
206 2282 347 2350 Parthos
370 2282 413 2349 ab
437 2281 495 2348 illo
520 2281 614 2348 aditu
633 2279 855 2366 Cappadooiae
879 2281 978 2368 longe
1004 2281 1123 2365 abesse,
1150 2282 1282 2352 Oilioiae

86 2388 182 2475 magis
194 2386 376 2454 imminere.
420 2384 540 2471 Itaque
557 2383 728 2451 confestim
742 2384 805 2451 iter
817 2384 854 2451 in
869 2383 1018 2451 Cilioiam
1032 2385 1095 2453 feei
1107 2409 1166 2473 per
1180 2386 1282 2454 Tauri

87 2491 179 2575 pylas
225 2493 258 2556 3.
281 2489 421 2557 Tarsum
431 2489 508 2555 veni
518 2511 548 2555 a.
560 2489 591 2554 d.
608 2509 661 2553 111.
677 2486 765 2554 Non.
782 2485 913 2554 Ootobr.
958 2487 1044 2554 Inde
1058 2490 1101 2555 ad
1114 2489 1282 2557 Amanum

87 2595 239 2676 oeniandi,
264 2594 322 2680 qui
341 2593 472 2679 Syriam
496 2591 645 2658 aCilioia
669 2591 706 2656 in
731 2612 890 2677 aquarum
913 2590 1052 2658 divortio
1075 2593 1202 2675 dividit,
1227 2595 1285 2681 qui

87 2718 171 2769 muns
192 2702 265 2765 erat
288 2696 432 2764 hostium
457 2696 574 2782 plenus
598 2694 878 2782 sempiternorum.
923 2693 991 2760 Hio
1013 2717 1042 2760 a.
1068 2696 1100 2761 d.
1126 2718 1179 2763 111.
1202 2696 1284 2765 Idus

87 2798 205 2869 Octobr.
220 2823 382 2887 magnum
401 2821 574 2866 numerum
588 2798 731 2865 hostium
745 2797 928 2864 oooidimus.
974 2796 1115 2864 Castella
1134 2801 1283 2867 munitis·

87 2904 158 2971 u‘ma
170 2911 330 2973 noeturno
344 2904 514 2990 Pomptini
528 2905 682 2984 adventu,
697 2906 807 2969 nostro
826 2901 988 2968 matutino
1003 2903 1155 2989 oepimus,
1173 2905 1283 2972 ineen-

88 3009 202 3077 dimus:
223 3010 434 3096 imperatores
448 3007 605 3095 appellati
619 3029 740 3073 sumus.
774 3006 888 3073 Castra
898 3027 1016 3092 pauoos
1030 3008 1098 3073 dies
1112 3007 1285 3077 habuimus

89 3134 122 3178 ea
140 3114 217 3201 ipsa,
238 3136 324 3201 quae
347 3117 459 3180 eontra
484 3111 630 3178 Dareum
654 3109 815 3177 habuerat
838 3111 928 3197 apud
948 3109 1059 3178 Issum
1084 3110 1283 3202 Alexander,

89 3215 253 3303 imperator
280 3216 371 3283 haud
394 3215 506 3303 paullo
530 3215 646 3281 melior
670 3235 769 3301 quam
795 3218 853 3280 aut
877 3216 917 3280 tu
940 3217 999 3280 aut
1021 3236 1092 3302 ego.
1136 3215 1192 3284 Ibi
1216 3217 1285 3286 dies

89 3321 220 3408 quinque
241 3321 370 3402 morati,
385 3320 512 3409 direpto
527 3326 561 3387 et
575 3322 701 3385 vastato
711 3317 854 3398 Amano,
868 3316 946 3383 inde
960 3318 1171 3386 disoesdmus.
1216 3321 1285 3389 Seis

93 3425 170 3491 enim
177 3425 241 3493 diei
256 3424 414 3512 quaedam
428 3426 553 3505 πανικᾶ,
568 3422 633 3489 diei
642 3423 723 3489 item
735 3424 774 3489 τὰ
790 3423 863 3490 κενὰ
878 3428 934 3487 τοῦ
944 3421 1096 3507 πολέμου.
1140 3422 1284 3493 Rumore

122 3655 286 3732 tonnam]
301 3651 598 3731 ‘withsuehauarmy'r
608 3651 659 3702 abl.
709 3667 758 3701 run
773 3650 890 3702 different
904 3651 1003 3717 ways’:
1020 3667 1061 3702 see
1078 3652 1149 3703 Fam.
1160 3653 1189 3705 ii.
1204 3658 1243 3719 10,
1261 3661 1285 3720 2,

93 3718 659 3847 trfflbtffitffttttbthtd]
709 3716 1288 3858 lleffitlllssilrlllelialtull

96 3847 166 3922 {here
181 3867 220 3901 sea
235 3850 370 3901 reference.
404 3852 456 3899 Hie
470 3869 491 3891 ·-·
506 3852 534 3898 in
547 3849 589 3898 hoe
603 3850 658 3910 loeo,
710 3846 816 3897 Bibulus
834 3848 883 3896 and
899 3846 981 3923 partly
999 3852 1026 3897 to
1047 3847 1087 3897 lus
1105 3865 1170 3911 own,
1194 3853 1287 3903 dirim

96 3916 341 3981 ‘mauehaphoeas
351 3914 421 3965 this!
709 3928 828 3974 aquarum
856 3914 976 3989 divertar,
997 3911 1088 3990 ‘where
1113 3914 1219 3992 perhaps
1247 3932 1286 3994 pa

123 3982 258 4058 birrropfi
290 3977 456 4072 {autema}
582 4041 590 4065 ’
709 3976 799 4054 should
815 3977 873 4026 read
887 3978 979 4025 divam
992 3992 1018 4053 ‚m
1031 3994 1149 4055 opacarum
1163 3983 1284 4045 diverso,

97 4047 249 4173 nertlpllhhlnl:
267 4040 662 4174 frolllohlllhekihlggohltiftholhl
709 4042 1097 4172 mellilllufquzllllleilllor‘lyhh
1121 4106 1196 4160 know
1216 4109 1287 4161 there

98 4169 133 4221 Ile
145 4190 224 4224 means
238 4175 296 4225 that
311 4174 351 4224 his
366 4173 521 4237 unexpeoted
536 4170 661 4236 allability
709 4185 751 4247 are
761 4169 823 4246 suoh
833 4170 913 4220 words
929 4186 956 4219 as
968 4172 1042 4232 panio
1052 4173 1101 4222 and
1111 4173 1187 4222 war‘r
1201 4189 1285 4224 unew-

97 4238 157 4287 nsde
175 4240 243 4289 them
267 4240 296 4290 fo
338 4245 352 4289 t
370 4238 437 4289 their
457 4253 563 4301 wrongs
607 4235 661 4286 The
710 4235 825 4284 tannem!
867 4233 894 4284 lf
913 4235 983 4285 these
1001 4237 1081 4285 words
1099 4237 1172 4287 stand
1192 4238 1288 4306 rightly

98 4306 265 4361 Maeonium
315 4305 444 4355 erstothe
454 4303 509 4353 rule
521 4302 549 4352 of
564 4300 661 4366 Appius
708 4299 1286 4376 here,andaretobep·unotuutedasinthetext,

98 4366 353 4433 mdhispredeoessor.
709 4366 753 4415 the
763 4364 823 4439 ouly
833 4379 949 4440 meamng
964 4380 986 4413 rs
1001 4364 1056 4415 that
1071 4365 1155 4417 (heere
1170 4378 1287 4421 aeoountr

125 4433 146 4480 3.
163 4436 187 4482 io
197 4450 314 4509 aquarum
329 4431 444 4510 deuito]
466 4430 559 4508 ‘bynits
569 4439 658 4480 water·
709 4428 750 4505 for
763 4428 804 4477 lus
818 4428 919 4505 leaving
934 4429 1044 4478 Amanus
1058 4430 1093 4495 by
1103 4431 1146 4481 the
1161 4431 1217 4483 ferr
1231 4435 1288 4485 that

99 4492 175 4559 sbsd';
187 4498 227 4550 ht.
240 4504 283 4550 ‘st
289 4499 334 4550 the
343 4503 415 4563 point
422 4497 505 4548 where
514 4506 548 4548 its
558 4501 661 4547 streams
709 4494 749 4544 hu
759 4508 816 4544 men
827 4493 909 4559 might
917 4493 976 4544 take
985 4494 1070 4555 alu-nr,
1079 4510 1107 4546 or
1117 4496 1173 4546 that
1183 4498 1226 4550 the
1236 4498 1288 4550 tide

1116 4576 1158 4628 12
