3150 5109
407 348 631 422 ccsrxsv.
658 354 781 441 (ssu.
805 356 887 423 xv.
910 358 979 440 11).
1240 360 1303 426 231

97 516 309 603 reliquissem,
324 520 468 590 dicerent
486 524 591 611 iniqui
612 550 680 595 non
703 551 755 595 me
772 530 869 616 plene
889 535 962 617 post
977 554 1108 611 annum,
1124 535 1163 598 ut
1177 537 1307 599 senatus

98 620 263 703 voluisset,
278 624 318 689 de
332 625 497 710 provincia
511 630 691 714 decessisse,
700 633 854 719 quoniam
869 635 1007 701 alterum
1022 657 1074 701 me
1088 635 1288 721 reliquissem
1296 659 1305 715 ;

100 724 236 791 fortasse
265 728 364 794 etiam
392 728 477 796 illud
505 733 671 814 adderent,
710 740 860 803 senatum
889 760 943 804 eos
968 738 1106 805 voluisse
1134 739 1307 825 provinciis

99 851 255 914 praeesse,
279 832 336 916 qui
363 838 459 899 antea
481 856 547 901 non
572 838 804 924 praefuissent:
836 840 971 908 fratrem
995 864 1105 909 meum
1128 843 1306 909 triennium

101 932 200 1000 Asiae
224 936 409 1022 praefuisse.
454 938 605 1026 Denique
627 966 715 1009 nunc
738 943 894 1010 sollicitus
916 967 983 1011 non
1006 967 1099 1011 sum:
1121 946 1150 1012 si
1169 949 1302 1013 fratrem

98 1036 309 1123 reliquissem,
325 1041 434 1107 omnia
447 1043 605 1112 timerem.
651 1046 819 1114 Postremo
833 1070 899 1114 non
914 1053 982 1114 tem
996 1071 1070 1114 mea
1084 1055 1197 1135 sponte
1208 1072 1306 1136 quam

100 1141 397 1227 potentissimorum
410 1147 548 1213 duorum
563 1151 721 1236 exemplo,
743 1151 800 1237 qui
814 1173 926 1218 omnes
942 1151 1066 1218 Cassios
1080 1153 1307 1240 Antoniosque

99 1245 259 1330 complexi
273 1251 359 1329 sunt,
368 1247 534 1317 hominem
548 1253 782 1320 adolescentem
797 1277 864 1321 non
879 1260 947 1321 tam
963 1256 1099 1323 adlicere
1110 1258 1199 1323 volui
1210 1280 1308 1343 quam

100 1347 241 1415 alienare
255 1350 355 1417 nolui.
400 1351 525 1420 Hoetu
535 1378 644 1423 meum
655 1359 824 1425 consilium
835 1359 1081 1425 laudesnecesse
1096 1364 1163 1425 est:
1186 1361 1307 1426 mutcri

99 1452 186 1517 enim
196 1475 264 1518 non
275 1460 390 1540 potest.
436 1460 467 1522 5.
490 1458 542 1525 De
558 1460 668 1527 Ocella
681 1485 799 1549 parum
809 1463 852 1528 ad
867 1484 918 1527 me
933 1462 1031 1548 plane
1045 1462 1215 1549 scripseras
1230 1466 1307 1530 etin

102 1555 179 1621 actis
192 1579 261 1622 non
276 1564 355 1625 erat.
401 1558 491 1628 Tuae
512 1586 563 1629 res
584 1570 695 1650 gestae
717 1566 765 1632 ita
786 1571 883 1632 notae
898 1571 984 1646 sunt,
1007 1570 1045 1632 ut
1058 1569 1150 1632 trans
1164 1572 1308 1633 montem

102 1657 247 1726 Taurum
262 1661 409 1729 eticmde
418 1663 576 1731 Matrinio
590 1667 633 1734 sit
648 1669 807 1735 auditum.
853 1669 938 1757 Ego,
955 1670 1019 1735 nisi
1033 1670 1114 1756 quid
1128 1693 1179 1736 me
1191 1672 1308 1738 etesiae

104 1763 325 1847 morabuntur,
341 1767 496 1850 celeriter,
512 1773 550 1835 ut
564 1793 666 1857 spero,
681 1795 739 1839 vos
753 1771 879 1840 videbo.

136 2054 357 2125 CCLXXIV.
404 2057 573 2127 CICERO
605 2060 664 2129 ΤΟ
699 2061 845 2130 GAIUS
877 2061 1176 2144 MARCELLUS,
1205 2084 1275 2129 mss

490 2163 624 2232 Consus
650 2165 754 2250 (Flu.
778 2188 835 2232 xv.
860 2167 917 2251 11).

223 2355 309 2399 suns
326 2356 370 2400 oa
384 2356 535 2417 suousr3
561 2360 594 2402 Α.
611 2359 645 2403 υ.
662 2359 691 2403 c.
708 2356 776 2417 7043
801 2360 832 2403 s.
849 2360 877 2404 c.
895 2358 945 2418 603
971 2360 1045 2403 sss.
1062 2359 1121 2403 cro.
1141 2359 1183 2406 se.

152 2510 188 2561 M.
201 2511 289 2562 Cicero
300 2512 328 2563 C.
343 2513 461 2565 Marcello
471 2532 521 2566 eos.
539 2516 631 2581 gratiss
647 2518 678 2567 de
694 2515 874 2581 supplicatione
889 2515 937 2566 sibi
953 2516 1051 2567 decreta
1065 2515 1119 2581 agit
1129 2520 1155 2566 et
1169 2516 1308 2581 propediem

106 2593 137 2642 ed
149 2594 231 2644 urbem
243 2611 271 2646 sc
281 2596 336 2656 iore
346 2596 478 2661 significat.

331 2761 370 2815 ll.
390 2761 521 2817 CICERO
540 2762 617 2818 IMP.
638 2764 665 2818 Β.
684 2764 720 2821 D.
740 2763 769 2819 C.
789 2762 986 2819 MARCELLO
1005 2762 1077 2818 COS.

168 2885 197 2949 1.
221 2884 374 2956 Quantae
396 2909 491 2952 curae
511 2885 573 2953 tibi
594 2908 686 2952 meus
704 2885 806 2952 honos
820 2885 920 2951 luerit
941 2883 975 2951 et
996 2906 1094 2970 quam
1108 2883 1196 2949 idem
1210 2883 1308 2948 exsti·

109 2987 179 3053 teris
193 2989 307 3054 consul
320 2990 355 3054 in
374 3011 426 3055 me
441 2991 587 3056 ornando
601 2994 635 3056 et
649 2990 886 3077 amplificando,
902 2988 959 3075 qui
973 2988 1081 3055 fueras
1096 3009 1220 3073 semper
1234 3008 1308 3051 oum

138 3157 212 3191 omna
246 3145 338 3192 Caedes
367 3145 532 3206 Antoniosque
565 3147 679 3206 conpleri
762 3147 786 3193 t.
807 3147 834 3192 in
850 3141 922 3208 seth]
959 3141 1002 3190 ‘in
1017 3141 1060 3190 the
1075 3139 1190 3204 gsnettc,’
1208 3137 1263 3214 1.(1.
1281 3142 1309 3188 in

107 3212 159 3254 sunt
205 3207 286 3257 ‘haye
314 3207 398 3258 bound
419 3216 446 3258 to
473 3210 540 3259 their
565 3209 680 3259 interests
729 3211 790 3257 actis
800 3211 962 3270 diurnismp.
977 3207 1046 3256 Suet.
1055 3205 1109 3256 Jul.
1119 3208 1160 3254 20.
1190 3203 1309 3255 Dryorces

109 3269 140 3318 all
153 3205 194 3320 tle
217 3271 296 3321 Cassii
318 3273 367 3322 and
388 3273 509 3323 Antonii!
548 3274 680 3338 Pompeius
730 3289 795 3323 were
823 3278 869 3335 put
896 3272 924 3321 in
950 3271 994 3321 the
1014 3276 1117 3346 'gszette
1148 3268 1228 3332 (Suet.
1252 3269 1305 3319 Cal.

108 3333 153 3383 hed
162 3337 242 3385 stesso
254 3337 285 3393 Q.
299 3336 486 3387 Cassiusachis
496 3345 618 3403 quaestor,
632 3339 681 3388 and
731 3341 782 3401 36).
817 3337 869 3386 But
886 3337 991 3400 perhaps
1012 3343 1033 3385 rt
1050 3351 1108 3399 may
1129 3334 1195 3411 refer
1216 3339 1243 3383 to
1263 3333 1307 3385 the

110 3399 153 3448 had
172 3407 215 3451 not
231 3402 281 3451 had
302 3418 415 3452 reccurse
435 3409 462 3453 to
483 3404 534 3463 lot;
559 3403 680 3468 similarly
730 3402 824 3466 budget
838 3402 866 3451 of
881 3402 934 3467 city
943 3416 1012 3450 news
1026 3404 1213 3462 (commentantes
1226 3414 1307 3449 raum

109 3465 192 3514 Cacsar
206 3466 257 3516 had
273 3466 364 3516 choscn
380 3466 503 3518 Antonius
520 3469 585 3533 (stt.
602 3468 637 3519 vi.
654 3472 678 3530 6,
730 3468 887 3531 urbanarum)
905 3465 988 3516 which
1004 3465 1102 3515 Caelius
1118 3464 1179 3513 used
1191 3471 1218 3540 to
1229 3464 1305 3513 send:

109 3532 132 3588 4,
155 3529 201 3593 Ep.
224 3531 351 3591 cclxxvi.;
378 3532 445 3582 Phil.
468 3531 497 3582 ii.
521 3534 573 3597 60).
614 3532 681 3583 That
730 3549 769 3595 cp.
789 3531 933 3582 Famviii.
954 3530 1100 3605 11,s‚Ep.
1119 3528 1307 3604 cclxvu.mFor

110 3595 217 3660 properly
231 3597 277 3647 the
310 3603 408 3647 uaestor
422 3613 474 3647 was
490 3599 581 3648 obosen
596 3597 632 3663 by
643 3597 680 3648 lot
731 3597 823 3658 Ocella,
837 3614 875 3660 cp.
888 3597 959 3646 Fam.
972 3594 1026 3645 viis.
1040 3596 1063 3654 7,
1078 3594 1161 3657 2,Ep.
1174 3592 1266 3643 ccxlm.

110 3673 163 3724 may
177 3660 207 3710 bc
223 3677 282 3711 seen
338 3679 363 3712 m
379 3661 410 3719 Q.
429 3663 472 3711 Fr.
490 3662 508 3712 i.
529 3668 551 3724 l,
573 3666 611 3723 ll,
629 3663 678 3777 Ep.
762 3660 895 3727 Matrinio]
928 3661 976 3710 We
995 3665 1085 3709 cannot
1101 3658 1185 3708 decide
1196 3657 1308 3707 whether

111 3738 193 3838 1111
200 3727 519 3855 hepifflttdt
531 3727 680 3857 stlat
729 3727 786 3842 tte.
791 3725 999 3841 1111ῗὲ1ιέ
998 3724 1157 3838 tttttl
1167 3738 1307 3837 ttttt

112 3859 149 3914 get
161 3855 220 3905 such
234 3856 338 3906 obviem
352 3858 511 3921 advantages,
528 3858 597 3906 what
611 3865 680 3920 great
729 3857 829 3906 alluded
839 3862 866 3906 to
875 3856 935 3905 here
949 3855 972 3904 is
986 3861 1028 3904 too
1043 3853 1147 3929 slightly
1158 3852 1264 3902 touched
1274 3867 1307 3901 on

111 3915 181 3974 ham,
191 3920 276 3970 Cicero
284 3921 349 3982 asts,
360 3938 411 3971 was
421 3922 490 3972 there
500 3921 528 3970 in
538 3938 581 3987 my
588 3922 661 3971 settin
728 3928 756 3972 to
766 3921 853 3971 enable
863 3937 893 3970 us
903 3920 1090 3996 to'understand
1100 3924 1133 3967 rts
1143 3923 1240 3992 nature.

110 3995 163 4031 over
177 3984 219 4034 the
234 3986 352 4049 province
366 4002 381 4035 a
397 4002 482 4051 young
498 4002 556 4035 man
569 3987 652 4036 whom
664 3938 681 4036 l
762 3986 858 4052 eustoc]
892 3985 953 4034 Thrs
963 4001 985 4034 rs
996 3984 1039 4033 the
1055 3999 1128 4033 neme
1144 3997 1219 4045 given
1230 3986 1256 4031 to
1263 3980 1307 4031 the

111 4045 217 4098 obtained
227 4066 254 4100 as
265 4066 309 4115 my
319 4058 434 4115 quaestor
444 4052 478 4117 by
485 4052 530 4113 lot,
541 4052 590 4101 and
598 4051 680 4101 whom
730 4054 852 4114 aquilones
862 4055 889 4100 st
904 4050 1078 4099 midsummer:
1097 4048 1191 4097 Seneca
1202 4045 1304 4102 Quaest.

113 4109 222 4179 lncrely
232 4122 301 4166 want
313 4123 358 4166 not
367 4123 394 4166 to
408 4116 472 4166 have
485 4133 512 4166 as
524 4132 557 4165 an
571 4117 680 4181 enemy?
730 4115 791 4166 Nat.
803 4132 829 4166 v.
845 4119 883 4164 10.

113 4174 158 4224 For
167 4179 231 4228 torno
241 4183 378 4243 adsumus,
395 4197 410 4231 a
426 4188 490 4231 most
499 4181 616 4246 frequent
627 4181 678 4231 col·
1103 4240 1109 4252 ⁶
1152 4239 1158 4252 ⁸

112 4237 218 4304 location,
246 4261 286 4309 cp.
309 4245 366 4296 Ter.
395 4246 497 4296 Phorm.
524 4262 551 4296 v.
580 4249 604 4309 8,
632 4247 678 4304 523
764 4247 786 4294 l.
806 4244 888 4310 tonos]
920 4260 956 4295 sc.
968 4243 1013 4294 the
1028 4242 1192 4306 supphcatrcn
1205 4240 1306 4291 deerced

116 4303 169 4355 Sall.
182 4306 233 4357 Cat.
247 4313 294 4368 38;
312 4310 373 4375 Jug.
386 4315 411 4361 6.
445 4312 507 4361 Em.
523 4311 593 4360 reads
609 4310 677 4359 nobi·
729 4311 757 4359 in
769 4308 808 4359 his
818 4310 921 4359 honour.
1212 4370 1218 4380 Ι

114 4369 153 4418 lem
163 4370 201 4420 for
210 4374 335 4425 hominem.
369 4376 418 4425 For
428 4379 501 4438 nolui,
515 4375 541 4425 H
554 4376 623 4441 gives
632 4392 679 4425 non
762 4376 790 4423 in
800 4391 836 4424 mc
847 4375 952 4423 ornando
962 4378 985 4421 et
996 4370 1173 4448 auplytcsodo]
1194 4375 1238 4420 ‘1n
1249 4386 1306 4420 con·

112 4438 183 4497 Wsi,
197 4437 310 4490 ‘Icould
320 4445 366 4491 not
374 4441 448 4506 bring
458 4440 550 4506 myself
560 4440 604 4491 to!
728 4438 825 4505 forring
834 4440 931 4490 honour
940 4439 989 4488 and
999 4439 1142 4488 manchon
1152 4451 1220 4499 upon
1230 4434 1288 4485 me.’
