3150 5109
457 432 609 500 oonrv.
636 434 759 520 (rnre.
782 437 892 503 nur.
916 442 983 523 57).
1260 439 1326 505 ree

119 844 267 914 CCLIV.
310 845 480 914 CICERO
503 846 562 915 TO
585 848 799 921 QUINTUS
817 850 1057 920 MINUCIUS
1079 851 1325 934 THERMUS,

367 952 596 1018 Pnorrsnrou
617 975 660 1019 or
681 955 768 1020 Aere
791 955 893 1042 (Fun.
917 977 994 1024 xm.
1018 958 1073 1044 57).

342 1179 480 1239 usuum
504 1180 535 1225 A.
552 1179 585 1225 u.
603 1180 631 1225 c.
648 1178 718 1242 7043
735 1182 767 1226 e.
784 1182 811 1227 c.
828 1180 879 1241 oo;
895 1183 970 1227 Anu.
987 1183 1049 1228 oro.
1066 1183 1108 1231 oe.

168 1344 206 1394 Μ.
220 1344 305 1397 Cicero
315 1362 331 1395 e
342 1344 373 1402 C.
385 1346 492 1397 Thermo
502 1362 547 1411 pro
557 1362 595 1411 pr.
607 1348 679 1411 petit,
693 1352 723 1398 ut
733 1347 771 1398 u.
783 1348 909 1399 Anneium
919 1349 1030 1415 legatum
1040 1366 1115 1400 suum
1125 1350 1243 1412 remittet,
1256 1349 1326 1401 eius·

120 1426 225 1492 demque
235 1444 334 1479 eeusem
346 1428 490 1479 Serdienem
501 1431 662 1479 oommendut.

468 1634 599 1690 CICERO
617 1633 772 1691 THERMO
790 1636 861 1691 PRO
878 1636 936 1692 PR.
956 1638 983 1692 S.

188 1797 217 1861 l.
241 1795 316 1867 Quo
337 1796 444 1883 magis
469 1796 586 1863 ootidie
612 1820 653 1863 ex
675 1796 794 1864 litteris
815 1798 1003 1887 nuntiisque
1023 1798 1147 1866 bellum
1168 1820 1326 1886 magnum

120 1920 187 1965 esee
201 1900 237 1964 in
252 1900 348 1984 Syrie
369 1922 534 1986 cognosco,
557 1923 594 1967 eo
608 1900 831 1968 vehementius
853 1925 873 1967 e
893 1907 927 1969 te
947 1925 1005 1989 pro
1026 1908 1136 1970 nostre
1154 1904 1324 1969 neoeeeitu·

120 2004 197 2071 dine
211 2005 380 2087 metendo,
402 2009 441 2071 ut
462 2005 545 2071 mihi
562 2003 610 2070 M.
626 2004 794 2073 Anneium
815 2006 962 2091 legatum
983 2009 1087 2095 primo
1102 2031 1228 2095 quoque
1242 2011 1327 2073 tem·

120 2130 197 2195 pore
211 2109 368 2174 remittes.
412 2108 502 2175 Nem
516 2109 585 2176 eius
603 2132 710 2196 opere,
733 2111 877 2190 oonsilio,
896 2112 1030 2179 seientia
1043 2113 1090 2178 rei
1104 2113 1258 2179 militarie
1272 2110 1327 2176 vel

119 2213 260 2279 menime
274 2213 429 2300 intellego
446 2236 499 2279 me
519 2217 553 2279 et
571 2236 641 2280 rem
660 2213 824 2300 publieem
842 2215 989 2282 adiuvari
1004 2238 1103 2302 posse.
1150 2215 1247 2288 Quod
1262 2212 1326 2279 nisi

120 2321 213 2383 tonte
226 2338 278 2383 res
292 2317 360 2383 eius
375 2321 536 2403 ageretur,
551 2339 611 2383 neo
621 2317 689 2402 ipse
704 2318 822 2383 adduci
832 2319 987 2405 potuisset
1001 2324 1039 2384 ut
1053 2342 1073 2384 a
1087 2341 1140 2386 me
1150 2319 1327 2385 diseederet

119 2443 224 2507 neque
245 2443 306 2507 ego
327 2427 367 2488 ut
386 2444 461 2488 eum
482 2444 502 2486 e
524 2443 577 2487 me
599 2421 807 2488 dimitterem.
852 2421 926 2508 Ego
947 2422 983 2487 in
1004 2422 1150 2489 Cilieiem
1169 2423 1326 2509 profioisoi

120 2526 227 2611 oogito
247 2525 372 2591 oiroIter
396 2525 475 2591 Kal.
498 2524 623 2591 Meiee.¹
659 2527 748 2591 Ante
768 2547 840 2592 eem
862 2526 950 2592 diem
972 2526 1020 2592 M.
1041 2526 1191 2592 Anneius
1212 2528 1254 2592 ed
1273 2549 1328 2593 me

118 2629 231 2694 redeat
245 2632 379 2715 oportet.
424 2630 456 2694 2.
481 2629 571 2694 Illud
585 2630 670 2715 quod
691 2634 800 2695 teeum
820 2634 853 2695 et
868 2652 974 2695 eorem
993 2634 1027 2695 et
1040 2653 1098 2716 per
1111 2629 1236 2698 littores
1251 2630 1325 2695 dili·

119 2732 306 2818 gentissime
320 2733 385 2817 egi,
405 2733 440 2798 id
459 2736 492 2799 et
506 2755 593 2798 nuno
614 2732 713 2800 etiem
734 2738 832 2820 etque
852 2733 951 2799 etiem
966 2755 1056 2820 rogo,
1078 2757 1173 2801 ouree
1193 2734 1256 2819 tibi
1271 2735 1325 2811 eit,

119 2839 158 2900 ut
177 2857 272 2901 suum
291 2836 470 2923 negotium,
493 2837 581 2923 quod
600 2836 699 2903 hebet
719 2859 793 2903 oum
807 2837 927 2924 populo
941 2836 1110 2916 Serdieno,
1133 2861 1191 2925 pro
1213 2859 1330 2903 oeusee

120 2939 256 3005 veritete
270 2943 304 3005 et
317 2962 376 3026 pro
396 2962 454 3006 sue
474 2940 635 3027 dignitate
657 2941 814 3006 oonfioiet.
859 2940 1015 3008 Intellexi
1032 2966 1073 3008 en
1093 2946 1152 3008 tue
1171 2943 1325 3022 oretione,

120 3066 194 3110 eum
208 3046 316 3110 teoum
330 3042 453 3130 Ephesi
472 3044 601 3110 loeutus
622 3066 705 3124 eum,
727 3048 760 3110 te
781 3044 884 3132 ipsine
903 3044 951 3111 M.
968 3046 1091 3111 Anneii
1106 3068 1201 3112 eeuse
1218 3047 1327 3112 omnia

120 3148 213 3214 velle.
259 3146 324 3213 Sed
337 3152 448 3213 temen
462 3148 507 3213 sio
521 3148 620 3214 velim
637 3148 812 3228 existimes,
829 3153 863 3214 te
882 3149 964 3215 mihi
983 3148 1068 3215 nihil
1083 3150 1208 3236 gretius
1221 3150 1326 3217 ieeore

120 3273 222 3336 posse,
234 3273 333 3337 quem
347 3251 374 3316 si
389 3250 578 3317 intellexero
589 3274 647 3338 per
660 3257 694 3318 te
709 3252 804 3318 illum
818 3275 913 3318 suum
927 3253 1096 3339 negotium
1110 3277 1152 3319 ex
1166 3254 1330 3320 sententie

120 3353 303 3434 eonfeoisse,
323 3354 421 3441 idque
443 3376 541 3440 quem
567 3355 710 3441 primum
729 3359 768 3421 ut
788 3356 914 3437 effioiee,
935 3360 968 3422 te
987 3357 1087 3423 etiem
1106 3361 1203 3440 etque
1227 3356 1327 3424 etiem

119 3480 208 3545 rogo.

156 3624 179 3669 l.
208 3622 258 3678 Quo
286 3623 363 3696 magis
390 3622 487 3688 cotidie]
533 3623 582 3673 For
611 3625 697 3673 cotidie
786 3625 916 3684 teipsiue.
931 3621 1041 3699 Λεὼ]
1077 3623 1148 3699 ‘thet
1163 3639 1214 3688 you
1224 3623 1326 3675 tekeen

121 3684 389 3813 {dhuodmmm'
409 3703 448 3751 op.
466 3703 501 3737 on
519 3689 574 3738 Aet.
592 3690 693 3750 v.7,1,
752 3687 1326 3819 ὶῃῒὲτιῖιτ1ίυὲἑέἓηξὲιέἱὴεῗέῐὶᾡωωῃ

156 3819 181 3864 2.
198 3832 243 3876 pre
259 3815 465 3882 courmoeritata]
500 3816 604 3883 ‘justice
616 3816 644 3867 oi
654 3815 697 3867 the
753 3818 820 3882 (Bm.
833 3834 859 3881 p.
874 3820 929 3877 104,
946 3824 1019 3868 note:
1038 3834 1076 3881 op.
1095 3820 1151 3868 Bm.
1164 3819 1221 3869 Alc.
1234 3820 1276 3883 45)
1287 3818 1329 3869 for

122 3879 197 3994 ἴω)
213 3880 284 3994 ¹1iiiior
301 3883 391 3930 veritae
408 3897 447 3946 op.
467 3879 537 3932 Fam.
557 3881 612 3932 viii.
632 3885 657 3944 6,
672 3886 694 3943 l,
752 3885 832 3944 iprum
843 3882 871 3932 of
881 3882 925 3933 the
936 3897 991 3932 ress.

146 3960 212 4008 μου
262 3982 267 3994 .
