3150 5109
367 495 638 567 ccxxxviii
663 496 785 585 (asra
809 498 889 567 aa
913 497 962 583 a).
1209 496 1275 563 rar

60 666 157 735 duxi.
203 667 279 741 Quo
292 672 332 736 ut
345 669 432 753 veni,
452 669 580 738 hostem
594 671 635 738 ab
649 670 828 738 Antiochia
840 671 1014 752 recessisse,
1029 668 1188 736 Bibulum
1202 669 1276 736 Aa·

57 771 202 838 tiochiae
217 794 285 839 esse
299 774 457 861 cognovi:
480 774 673 842 Deiotarum
694 774 865 842 confestim
886 775 954 841 iam
969 776 1077 841 adme
1091 774 1275 841 venientem

59 898 136 942 oum
160 899 283 964 magno
306 880 340 944 et
364 878 458 945 firmo
483 879 633 965 equitatu
655 885 689 945 et
711 879 861 967 peditatu
884 882 918 946 et
941 901 1016 945 cum
1039 878 1189 945 omnibus
1209 879 1276 945 suis

60 981 164 1067 copiis
185 981 354 1048 certiorem
375 981 439 1049 feei
458 1005 526 1051 non
547 982 652 1051 videri
674 1005 741 1050 esse
763 1005 892 1049 causam
913 1006 970 1050 our
992 982 1116 1049 abesset
1130 1005 1150 1048 a
1163 1004 1275 1069 regno,

60 1106 179 1171 meque
195 1084 241 1150 ad
255 1107 341 1166 eum,
357 1084 385 1151 si
399 1087 479 1172 quid
492 1086 570 1153 novi
579 1086 664 1154 forte
678 1087 854 1168 accidisset,
870 1088 981 1154 statim
989 1087 1114 1154 litteras
1127 1087 1275 1153 nuntios·

60 1208 124 1273 que
145 1188 324 1254 missurum
345 1210 422 1255 esse.
468 1191 500 1257 8.
524 1189 672 1278 Cumque
695 1213 733 1258 eo
759 1191 868 1257 animo
889 1191 1058 1272 venissem,
1080 1195 1119 1257 ut
1146 1190 1279 1276 utrique

59 1292 257 1377 provinciae,
281 1292 310 1357 si
334 1292 383 1358 ita
404 1296 534 1381 tempus
558 1294 668 1376 ferret,
691 1294 906 1376 subvenirem,
933 1299 1004 1362 tum
1029 1295 1075 1376 id,
1102 1295 1277 1381 quodiam

61 1400 136 1462 ante
159 1400 340 1463 statueram
361 1396 568 1463 vehementer
589 1399 743 1466 interesse
764 1400 933 1486 utriusque
953 1398 1146 1486 provinciae,
1161 1420 1279 1485 pacare

60 1498 233 1566 Amanum
247 1503 280 1566 et
293 1505 488 1586 perpetuum
501 1501 627 1568 hostem
649 1524 690 1568 ex
711 1523 748 1568 eo
763 1506 874 1569 monte
888 1503 1012 1584 tollere,
1028 1524 1124 1588 agere
1138 1502 1274 1589 perrexi.

63 1602 212 1689 Cumque
234 1626 287 1670 me
309 1604 471 1670 discedere
504 1603 545 1672 ab
577 1628 615 1672 eo
643 1611 755 1673 monte
780 1607 982 1673 simulassem
1011 1609 1045 1672 et
1066 1605 1146 1672 alias
1167 1608 1276 1692 partes

63 1705 197 1773 Ciliciae
211 1710 322 1794 petere
336 1707 543 1795 abessemque
557 1707 599 1776 ab
610 1709 740 1776 Amano
754 1709 818 1777 iter
830 1710 928 1777 unius
942 1708 1008 1776 diei
1022 1713 1055 1776 et
1069 1712 1174 1776 cestra
1188 1709 1276 1795 apud

64 1809 294 1897 Epiphaneam
308 1811 465 1894 fecissem,
488 1835 517 1878 a.
541 1814 573 1880 d.
596 1835 664 1880 1111.
688 1814 771 1880 Idus
791 1814 953 1895 Octobres,
977 1836 1052 1881 oum
1072 1814 1276 1899 advesperas-

63 1918 157 1995 ceret,
175 1914 329 2001 expedito
345 1916 488 1983 exercitu
502 1916 551 1983 ita
567 1921 667 1984 noctu
687 1918 750 1985 iter
771 1918 845 1999 feei,
867 1923 906 1984 ut
920 1941 948 1984 a.
965 1918 998 1984 d.
1014 1938 1066 1983 111.
1083 1916 1164 1984 Idus
1179 1916 1274 1983 Octo·

65 2017 144 2098 bros,
176 2041 254 2085 cum
283 2019 459 2101 lucisceret,
496 2020 533 2088 in
561 2021 732 2088 Amanum
773 2022 988 2101 ascenderem,
1031 2019 1276 2106 distributisque

65 2121 251 2188 cohortibus
265 2128 297 2188 et
307 2123 447 2205 auxiliis,
462 2147 537 2192 cum
551 2125 623 2190 aliis
635 2123 676 2197 Q.
687 2126 790 2191 trater
799 2125 927 2212 legatus
939 2146 1067 2190 meeum
1081 2123 1188 2205 simul,
1203 2124 1280 2190 aliis

67 2223 100 2289 C.
127 2223 327 2312 Pomptinus
351 2227 489 2314 legatus,
513 2228 646 2314 reliquis
666 2227 715 2295 M.
732 2228 881 2295 Anneius
907 2223 940 2295 et
961 2227 1002 2294 L.
1026 2226 1154 2293 Tullius
1174 2226 1276 2314 legati

66 2334 259 2414 praeessent,
274 2330 442 2418 plerosque
456 2353 516 2397 nso
530 2332 699 2419 opinantes
713 2333 938 2425 oppressimus,
949 2331 1006 2419 qui
1019 2331 1112 2397 occisi
1127 2332 1278 2418 captique

67 2436 149 2514 sunt,
164 2434 335 2500 interclusi
354 2434 446 2520 fuga.
490 2434 636 2502 Eranam
658 2440 777 2518 autem,
800 2458 883 2522 quae
905 2435 970 2501 fuit
990 2457 1057 2501 non
1079 2433 1143 2500 vici
1162 2434 1277 2515 instar,

67 2538 119 2602 sed
132 2535 237 2615 urbis,
254 2539 341 2623 quod
355 2542 425 2604 erat
433 2537 557 2605 Amani
571 2543 678 2626 eaput,
690 2539 835 2626 itemque
846 2538 1004 2626 Sepyram
1019 2542 1052 2605 et
1067 2536 1275 2619 Commorim,

68 2641 180 2707 aeriter
194 2644 230 2706 et
244 2641 303 2706 diu
316 2647 546 2729 repugnantes,
557 2640 734 2730 Pomptino
748 2643 842 2709 illam
855 2648 981 2730 partem
995 2641 1120 2707 Amani
1133 2644 1276 2722 tenente,

68 2766 105 2808 ex
133 2745 331 2810 antelucano
358 2749 502 2833 tempore
531 2768 631 2832 usque
661 2748 704 2814 ad
732 2747 846 2814 horam
874 2747 940 2813 diei
964 2746 1131 2827 decimam,
1154 2766 1277 2833 magna

68 2847 279 2913 multitudine
293 2846 436 2915 hostium
450 2849 561 2931 omisa,
582 2850 726 2938 cepimus
747 2849 941 2936 castellaque
955 2849 989 2915 vi
1004 2854 1098 2935 capta
1112 2848 1277 2934 complura

69 2949 281 3018 incendimus.
326 2953 357 3016 9.
381 2950 448 3018 His
472 2951 569 3020 rebus
591 2954 641 3020 ita
664 2954 765 3042 gestis
790 2957 893 3020 eastra
914 2953 951 3019 in
970 2952 1132 3019 radicibus
1152 2951 1277 3018 Amani

73 3226 79 3236 .
91 3224 98 3237 .
111 3227 117 3239 .
129 3196 152 3239 ai
160 3191 270 3239 cataras
276 3190 481 3251 praemriasdnas
489 3207 562 3242 unam
569 3208 647 3255 nmen,
699 3193 784 3255 torna,
794 3190 866 3241 Fam.
873 3189 902 3241 ii.
914 3193 953 3250 10,
965 3193 988 3254 3,
998 3188 1046 3254 Ep.
1055 3189 1152 3240 ccxxvi.
1162 3205 1169 3251 ;
1181 3190 1236 3241 art.
1248 3206 1275 3240 v.

71 3256 166 3303 elimam
181 3257 266 3306 Silam
283 3254 352 3320 (veho
369 3271 421 3305 vves
439 3256 498 3322 only
510 3273 526 3306 a
538 3258 649 3323 military
700 3261 740 3320 20,
755 3261 777 3316 3,
790 3256 839 3321 Ep.
852 3255 969 3306 ccxxviii.

71 3318 174 3384 urbane)
273 3320 399 3382 Layionem
420 3321 543 3371 Martiam
562 3329 649 3372 ...at
731 3325 856 3372 interclusi
859 3320 939 3387 suaa]
975 3318 1048 3370 ‘shut
1058 3320 1095 3370 off
1102 3335 1130 3370 as
1140 3320 1202 3385 they
1212 3335 1280 3371 wara

72 3385 126 3432 isar
146 3385 255 3434 retortae
275 3388 414 3446 praetoriae
430 3388 529 3435 miserat
545 3388 648 3436 Hirtius
697 3386 866 3451 lromflight)

73 3450 132 3496 natis
158 3448 234 3513 (each
261 3449 347 3499 consul
365 3449 523 3516 accordingly
543 3451 594 3501 had
608 3451 649 3502 his
730 3454 856 3503 Eranam.
871 3485 894 3500 ..
908 3448 1059 3516 Commorim]
1080 3448 1280 3500 Ofthesetovns

72 3514 290 3578 mtcnpraetcria)
304 3550 311 3562 .
325 3551 332 3563 .
347 3551 354 3563 .
367 3515 399 3563 In
411 3517 466 3577 ipsa
477 3517 593 3578 Aemilia,
607 3518 649 3565 ubi
698 3533 731 3567 on
740 3516 789 3566 Mt.
798 3519 910 3565 Amanus
920 3530 959 3565 ve
969 3515 1001 3564 do
1011 3521 1056 3564 not
1064 3513 1124 3564 haar
1134 3514 1275 3564 elsewhere.

72 3578 146 3627 catara
159 3580 273 3629 Caesarie
285 3582 409 3639 praeteria
425 3585 485 3641 arat,
499 3583 542 3630 din
549 3598 647 3645 peyna·
699 3581 814 3646 Possibly
822 3581 919 3630 instead
928 3581 957 3629 ol
962 3581 1071 3628 Eranam
1077 3594 1116 3629 sve
1124 3579 1278 3629 shouldread

73 3648 118 3755 {qap
125 3651 183 3757 ἕω
201 3660 244 3708 cp.
258 3643 320 3693 Sall.
334 3643 388 3694 Cat.
401 3646 442 3707 60,
457 3643 604 3711 Marquardt
619 3646 649 3696 ii²
698 3649 838 3761 Amqnabm:
850 3644 970 3760 &Gaffiot
980 3650 1049 3695 town
1060 3644 1137 3695 oithe
1147 3643 1277 3695 mountain

146 3746 152 3756 .
698 3711 734 3761 mi
769 3716 781 3761 t
809 3725 860 3760 eso
952 3746 958 3758 .

102 3773 129 3820 ab
139 3773 278 3822 Antiochia
289 3771 420 3839 recessisse]
439 3772 525 3824 Cicero
535 3774 593 3825 does
604 3778 649 3825 not
725 3727 896 3842 rgepnynantar]
910 3773 999 3824 SoBtr.
1010 3773 1060 3823 and
1067 3771 1136 3823 Wes.
1148 3772 1275 3838 (amma.

72 3832 125 3885 berc
140 3837 256 3888 mention
266 3836 322 3887 that
332 3837 376 3887 the
391 3844 483 3888 retreat
495 3854 546 3889 vas
563 3839 611 3890 dus
622 3846 649 3890 to
698 3841 751 3906 52).
786 3838 1100 3902 Klammsrkssleouna,
1113 3837 1189 3888 while
1200 3837 1278 3889 Orelli

72 3899 111 3949 the
123 3902 269 3953 conductos
281 3901 387 3967 Cassius,
402 3903 498 3967 though
508 3903 540 3954 he
551 3905 608 3955 does
621 3920 649 3955 so
698 3906 759 3955 adds
778 3906 891 3954 matitia.
924 3903 993 3953 Wes.
1014 3904 1072 3953 does
1090 3909 1135 3954 not
1149 3904 1232 3969 object
1249 3917 1277 3953 so

74 3970 98 4013 to
107 3967 214 4027 Atticam,
230 3983 255 4017 v.
265 3970 305 4028 20,
316 3969 338 4026 3,
348 3966 397 4030 Ep.
406 3967 521 4018 ccxxviii.
541 3970 649 4019 Accord-
698 3970 774 4020 much
784 3977 811 4020 to
822 3968 935 4033 iisbeing
945 3967 1048 4019 omitted
1059 3969 1108 4033 (op.
1122 3967 1192 4018 Cass.
1202 3966 1232 4016 B.
1245 3967 1277 4017 C.

74 4029 113 4093 ing
123 4040 148 4082 to
158 4032 234 4081 Fam.
247 4031 284 4081 iii.
300 4034 323 4092 8,
339 4035 378 4093 10,
388 4032 436 4096 Ep.
449 4031 549 4094 ccxxii,
563 4034 649 4084 Cicero
698 4033 717 4083 i.
730 4037 769 4093 30,
784 4033 853 4093 3;Β.
864 4034 895 4083 G.
903 4034 937 4085 iv.
949 4036 988 4094 12,
999 4036 1033 4095 2),
1044 4038 1104 4083 asto
1113 4031 1277 4082 thetactthat

74 4095 191 4146 advanccd
202 4096 271 4146 from
282 4095 373 4146 Tarsus
388 4103 415 4146 to
426 4096 517 4148 Mount
527 4099 647 4161 manus,
698 4099 801 4149 tharsis
811 4098 870 4149 hara
880 4114 913 4148 no
923 4098 1046 4162 necessity
1057 4097 1113 4147 that
1122 4097 1166 4147 the
1176 4096 1276 4161 partici-

75 4157 134 4209 Non
154 4161 223 4222 Oct,
246 4161 294 4211 and
311 4176 345 4210 on
360 4161 414 4211 viii.
432 4162 471 4212 Id.
488 4162 543 4213 Oct.
556 4179 609 4214 vas
622 4168 650 4213 at
697 4163 750 4228 pial
760 4170 875 4215 sentence
885 4163 1011 4213 shouldbe
1021 4164 1147 4227 separated
1157 4162 1223 4211 hom
1233 4161 1277 4211 the

77 4221 249 4287 llapsuhoetia,
270 4231 368 4275 atovn
384 4231 411 4275 at
425 4227 468 4277 the
483 4226 539 4278 foot
554 4228 651 4278 otthat
700 4228 893 4294 principalone:
945 4224 1136 4289 herviam,
1150 4226 1209 4276 Obs.
1224 4229 1247 4274 1.

76 4291 207 4340 mountain.
242 4289 395 4340 Meanwhile
406 4290 513 4353 Cassius,
527 4292 584 4342 who
600 4293 650 4343 had
732 4309 760 4342 ea
786 4295 925 4342 antelucano
978 4291 1040 4342 This
1070 4307 1125 4341 rere
1157 4290 1226 4341 word
1253 4289 1277 4340 is

77 4352 130 4402 been
140 4355 188 4405 left
198 4356 235 4421 by
244 4355 386 4405 Bibulusin
394 4357 522 4406 command
530 4356 648 4422 insyria,
699 4357 778 4409 found
789 4358 922 4409 ehenhere
937 4357 965 4407 in
976 4356 1070 4418 Cicero,
1082 4356 1168 4418 Tusa,
1180 4354 1216 4405 iv.
1225 4358 1274 4413 44;

76 4416 181 4470 defeated
197 4421 243 4470 tha
258 4420 392 4471 Parthians
408 4420 491 4472 before
506 4422 648 4486 badechis,
700 4421 797 4474 Catii.
810 4426 851 4473 22.

77 4481 144 4534 about
154 4485 220 4548 prid.
232 4485 301 4535 Nou.
315 4484 372 4535 Cet.
731 4491 757 4538 m'
774 4486 858 4555 rapta]
892 4485 1153 4602 &Mmdgoqsspmc.
1170 4483 1198 4536 ii
1216 4484 1279 4549 273)

105 4550 128 4597 8.
140 4558 286 4613 perpernam
309 4549 409 4616 asan]
440 4565 480 4615 op.
510 4552 650 4615 sempiterni
699 4551 1025 4619 inganiomlyforsaami)
1103 4565 1182 4601 suas.
