3150 5109
624 446 760 513 orca
786 446 903 528 (arr.
935 445 972 512 V.
998 444 1039 528 9).

481 733 614 802 cxcv.
659 730 942 800 renarrans
965 732 1061 819 (ιιι.
1086 755 1117 799 v.
1142 733 1179 818 s).

531 928 563 968 Α.
581 925 614 968 u.
631 924 659 967 c.
677 920 740 981 7033
758 924 789 967 a.
806 923 833 966 c.
851 922 901 979 513
919 922 994 966 aar.
1011 922 1071 964 crc.
1088 921 1129 967 as.

276 1073 314 1123 Μ.
328 1073 412 1123 Cicero
424 1075 507 1123 Attico
518 1072 609 1136 gratiss
620 1071 673 1136 agit
687 1072 717 1121 de
728 1070 872 1121 muneribus
883 1069 1039 1120 sibiActium
1053 1070 1135 1120 missis
1148 1076 1173 1120 et
1187 1071 1289 1134 exponit
1299 1071 1330 1120 de
1342 1070 1439 1121 ratione

227 1155 323 1206 itineris
339 1155 387 1215 sui,
407 1155 438 1203 de
458 1153 585 1218 provincia
607 1153 758 1203 abstinenter
776 1152 978 1211 administranda,
1003 1152 1082 1202 Attici
1098 1152 1193 1202 litteras
1214 1153 1245 1201 dc
1262 1152 1368 1215 negotiis
1385 1153 1438 1202 suis

229 1236 347 1288 Romanis
358 1240 483 1300 exspectat
493 1241 518 1287 et
529 1251 586 1285 eum
597 1242 675 1299 rogat,
689 1241 718 1285 nt
728 1234 813 1285 emnia
821 1235 899 1286 facim
909 1250 942 1283 ne
952 1233 1000 1283 sibi
1010 1233 1137 1297 provincia
1148 1233 1205 1297 plns
1216 1250 1291 1299 qnam
1301 1250 1384 1283 annua
1393 1234 1438 1293 sit,

227 1319 296 1369 addit
306 1319 337 1368 de
348 1317 465 1368 Cicerone
475 1332 528 1378 suo,
542 1317 573 1366 de
584 1316 713 1382 Dionysio.
749 1316 847 1380 Scripta
858 1315 961 1380 epistola
971 1322 1009 1365 est
1020 1315 1047 1365 in
1057 1315 1146 1365 itinere
1156 1316 1266 1365 Athenas
1277 1332 1371 1366 versus.

641 1482 772 1536 CICERO
792 1480 925 1536 ATTICO
943 1481 1020 1535 SAL.

296 1587 326 1650 l.
349 1584 485 1650 Aetium
507 1584 655 1649 venimus
677 1605 707 1647 a.
726 1583 759 1647 d.
779 1603 865 1647 xvu.
889 1580 968 1647 Kal.
991 1581 1136 1663 Quinet,
1158 1604 1232 1648 eum
1253 1582 1385 1667 quidem
1407 1586 1440 1647 et

229 1687 389 1773 Corcyrae
404 1691 436 1754 et
451 1686 584 1773 Sybotis
598 1685 787 1751 muneribus
801 1686 877 1767 tuis,
893 1708 975 1772 quae
996 1690 1029 1753 et
1043 1685 1151 1752 Areus
1167 1690 1199 1753 et
1212 1708 1303 1751 meus
1318 1686 1442 1752 amicus

229 1791 433 1877 Eutychides
454 1791 585 1878 opipare
605 1793 638 1855 et
661 1791 977 1875 φιλοπροσηνέστατα
1000 1789 1094 1856 nobis
1108 1793 1345 1876 congesserant,
1362 1812 1440 1875 epu-

229 1897 290 1963 lati
318 1917 458 1962 essemus
484 1895 642 1961 Saliarem
672 1893 708 1958 in
732 1894 877 1959 modum.
922 1893 1020 1960 Aetio
1045 1894 1220 1960 maluimus
1247 1894 1310 1961 iter
1336 1893 1443 1960 facere

230 1998 377 2086 pedibus,
396 1999 453 2086 qui
474 1997 765 2065 incommodissime
786 1996 1039 2084 navigassemus,
1062 2003 1095 2064 et
1117 1997 1293 2064 Leucatam
1314 1998 1441 2063 flectere

230 2104 404 2169 molestum
429 2102 611 2168 videbatur.
665 2099 832 2167 Actuariis
857 2102 967 2166 autem
990 2102 1126 2167 minutis
1151 2101 1267 2167 Patras
1292 2102 1443 2167 aooedere

231 2206 301 2273 sine
324 2206 377 2271 his
406 2204 647 2292 impedimentis
672 2227 739 2270 non
767 2205 845 2270 satis
868 2204 974 2269 visum
998 2210 1046 2271 est
1071 2206 1232 2271 decorum.
1287 2204 1373 2291 Ege,
1402 2208 1441 2269 ut

231 2333 326 2397 saepe
341 2316 380 2375 tu
394 2332 447 2376 me
462 2312 645 2375 currentem
659 2307 807 2374 hortatus
821 2330 865 2387 es,
881 2308 998 2374 ootidie
1011 2309 1160 2389 meditor,
1176 2308 1336 2396 praecipio
1350 2308 1442 2386 meis,

233 2414 352 2479 faeiem
368 2413 518 2499 denique,
533 2416 572 2478 ut
589 2434 717 2477 summa
733 2411 892 2477 modestia
914 2416 948 2478 et
969 2434 1096 2478 summa
1113 2412 1310 2479 abstinentia
1324 2434 1446 2478 munus

232 2517 293 2584 hoo
302 2517 595 2583 extraordinarium
606 2517 824 2581 traducamus.
855 2514 997 2582 Parthus
1008 2516 1106 2582 velim
1117 2517 1258 2603 quiescat
1267 2522 1300 2583 et
1311 2516 1444 2582 fortuna

232 2644 292 2686 nos
316 2621 427 2687 iuvet:
451 2623 565 2686 nostra
590 2618 836 2706 praestabimus.
881 2622 914 2684 2.
937 2618 1000 2701 Tu,
1023 2642 1152 2708 quaeso,
1174 2621 1254 2707 quid
1275 2641 1364 2707 agas,
1386 2618 1446 2684 ubi

232 2748 359 2812 quoque
379 2729 524 2812 tempore
550 2724 681 2790 iuturus
700 2724 754 2803 sis,
774 2723 885 2809 quales
902 2746 954 2790 res
973 2731 1100 2792 nostras
1120 2723 1246 2791 Romae
1266 2723 1449 2811 reliqueris,

232 2829 373 2895 maxime
399 2828 440 2895 de
463 2849 521 2893 xx.
550 2831 583 2893 et
613 2847 711 2908 neoc,
736 2849 814 2893 eura
839 2831 878 2891 ut
903 2828 1049 2894 sciamus.
1104 2827 1148 2894 Id
1171 2829 1246 2894 unis
1271 2828 1446 2915 diligenter

235 2933 354 2998 litteris
375 2931 470 3011 datis,
494 2954 578 3018 quae
600 2932 643 2996 ed
664 2952 717 2996 me
738 2931 853 3016 utique
867 2930 1084 3015 perferantur,
1107 2954 1308 3018 consequere.
1353 2930 1446 2996 Illud

235 3034 546 3121 tamen-quoniam
568 3056 656 3099 nuno
678 3032 763 3112 abes,
783 3056 858 3099 oum
878 3033 914 3099 id
934 3056 1001 3100 non
1015 3036 1136 3122 agitur,
1156 3034 1260 3101 aderis
1280 3039 1390 3100 autem
1404 3032 1448 3098 ad

234 3146 374 3223 tempus,
396 3145 435 3204 ut
456 3137 539 3203 mihi
561 3136 929 3221 rescripsti—memento
946 3161 1056 3205 curare
1074 3161 1133 3225 per
1153 3143 1186 3204 te
1209 3142 1242 3205 et
1259 3160 1317 3224 per
1336 3158 1451 3204 omnes

234 3246 370 3321 nostros,
396 3241 432 3306 in
456 3240 570 3327 primis
594 3262 653 3326 per
676 3239 903 3320 Hortensium,
926 3247 965 3309 nt
989 3266 1094 3309 annus
1110 3247 1219 3309 noster
1239 3244 1370 3308 maneat
1389 3263 1450 3306 suo

235 3349 334 3426 statu,
350 3366 393 3410 ne
415 3344 494 3430 quid
516 3344 593 3410 novi
615 3344 815 3409 decernatur.
860 3343 938 3411 Hoc
951 3346 1014 3412 tibi
1033 3347 1081 3413 ita
1096 3346 1227 3428 mando,
1242 3351 1281 3412 ut
1301 3343 1447 3412 dubitem

237 3472 280 3515 an
296 3448 397 3514 etiam
411 3452 444 3514 te
459 3470 582 3534 rogem,
594 3451 632 3512 ut
646 3469 773 3534 pugnes
786 3470 829 3513 ne
843 3448 1062 3516 intercaletur.
1107 3450 1173 3517 ssd
1187 3473 1254 3516 non
1269 3450 1372 3516 audeo
1386 3448 1449 3514 tibi

272 3607 294 3652 l.
312 3602 414 3669 Sydon]
453 3618 469 3651 a
486 3617 564 3667 group
587 3600 615 3652 oi
636 3601 708 3650 small
724 3601 817 3651 islanda
899 3604 1130 3671 extraordinarium]
1184 3604 1217 3654 So
1238 3604 1316 3654 called
1345 3604 1449 3653 because

236 3668 349 3718 between
360 3666 467 3733 Corcyra
477 3665 724 3717 andthemninland.
868 3669 954 3720 Cicero
970 3670 1029 3720 held
1046 3670 1085 3720 his
1099 3674 1199 3733 present
1217 3669 1286 3718 office
1307 3669 1350 3718 lon
1383 3666 1453 3717 aiter

269 3732 418 3798 muneribus]
463 3732 530 3782 Gifrs
552 3731 579 3781 ci
601 3731 660 3780 icod
681 3731 730 3781 and
751 3729 818 3781 wine
868 3734 908 3784 his
927 3735 1076 3799 consulship,
1088 3741 1133 3786 not
1148 3732 1351 3799 immediatelya
1400 3747 1450 3794 ,as

238 3796 321 3847 which
331 3801 410 3846 Areus
421 3798 470 3846 and
481 3795 642 3861 Eutychides,
655 3796 781 3845 freedmen
792 3797 821 3846 ol
869 3815 921 3849 was
931 3800 1013 3850 usual.

237 3862 336 3938 ritticrrs
353 3868 380 3911 at
391 3861 505 3937 Corcyra,
525 3862 620 3924 heaped
635 3876 668 3911 on
680 3860 765 3911 Cicero
784 3860 820 3926 by
898 3875 1086 3952 mmmm]
1121 3882 1268 3940 ammte,
1284 3873 1452 3937 (mersor)

237 3928 357 3977 dlfeetlon
367 3926 395 3976 Of
404 3928 512 3976 Amssllfl.
869 3957 913 4007 my
923 3957 981 3992 own
990 3942 1145 3993 behanour)

271 3993 390 4041 Saliarem
401 3993 428 4039 in
440 3989 544 4054 modum]
579 3988 807 4039 ‘likerlldermem'
903 4034 918 4080 2
1021 4037 1057 4079 m
1119 4032 1140 4081 Ι
1175 4029 1181 4043 .
1244 4036 1256 4080 t
1307 4028 1362 4079 ed.
1399 4028 1452 4078 this

266 4054 379 4121 pedibu]
415 4054 552 4131 thymo·
921 4047 1020 4080 ,ιιιοι
1057 4030 1085 4097 u]
1136 4045 1245 4081 arsno
1277 4046 1307 4079 us
1353 4045 1382 4078 ιιι

271 4124 314 4184 qui
324 4158 331 4170 ,
343 4157 350 4170 ,
362 4118 564 4185 mmmmm]
590 4122 633 4168 aa,
641 4118 795 4168 2701„th
805 4134 821 4169 a
870 4095 971 4173 piarem
994 4096 1071 4146 sothe
1081 4111 1193 4146 common
1200 4095 1375 4159 expressionis
1385 4100 1451 4143 statu

238 4185 363 4236 wretched
392 4185 496 4249 asse-ge)
871 4176 1053 4225 imm&
1418 4233 1424 4245 ,

272 4202 391 4316 demmff
447 4266 479 4299 an
507 4247 621 4313 amusing
650 4247 761 4298 instance
793 4246 822 4297 οξ
903 4254 932 4287 ns
953 4240 1013 4301 qaid
1032 4237 1100 4304 novi]
1136 4241 1209 4288 ‘new
1227 4242 1293 4288 term
1313 4235 1341 4286 of
1361 4234 1450 4285 offieral

240 4314 337 4366 Roman
352 4318 472 4378 pravitas.
870 4305 1048 4368 govemmsnt!

273 4380 417 4447 eumenum]
460 4377 581 4442 ‘nothing
595 4377 684 4427 loth':
705 4394 744 4442 cp.
763 4377 819 4426 Ata.
903 4378 1069 4445 inescamur]
1094 4383 1155 4430 ‘not
1170 4379 1234 4429 have
1244 4394 1295 4444 any
1305 4375 1453 4441 intercalare·
1479 4383 1487 4397 ¹

241 4445 276 4495 vi.
287 4447 310 4507 7,
322 4444 556 4509 1‚Ep.cc1u.,and
568 4442 698 4494 σπεύδοντ’
711 4441 822 4507 ὀτρύνειν
871 4445 932 4510 days
942 4445 1039 4505 added,’
1052 4444 1137 4495 which
1154 4459 1205 4494 was
1219 4450 1247 4494 at
1262 4444 1306 4494 the
1320 4442 1454 4493 discretiori

241 4510 370 4561 inGreek.
871 4509 1097 4571 ofthePoatistees.
