3150 5109
475 474 613 542 costr
638 475 754 559 (arr.
782 475 842 542 vr.
865 476 910 558 1).
1232 472 1293 539 lar

75 648 254 717 audiretur
276 649 400 717 Romae
419 649 548 715 nullum
569 649 606 714 in
630 671 704 715 mea
722 648 889 734 provincia
909 670 1083 716 nummum
1102 648 1166 715 nisi
1185 647 1222 714 in
1241 669 1295 715 aes

75 751 230 819 alienum
244 754 381 840 erogari,
396 753 553 839 docuique
575 775 635 818 nee
654 752 737 818 mihi
757 752 928 819 oonoiliare
941 753 1112 841 pecuniam
1125 753 1221 819 lioere
1235 774 1295 819 neo

76 856 130 921 illi
146 879 274 944 capere,
290 858 465 944 monuique
480 880 566 937 eum,
590 878 686 943 quem
707 856 805 943 plane
827 856 941 944 diligo,
956 861 1005 937 ut,
1020 878 1094 923 cum
1107 856 1188 923 alios
1201 878 1292 923 aeau-

76 965 194 1042 sasset,
211 962 338 1027 cautius
354 962 483 1042 viveret,
498 961 582 1026 illud
596 965 705 1026 autem
729 959 869 1026 alterum
888 960 1033 1027 alienum
1047 983 1114 1027 esse
1129 960 1293 1027 existima·

77 1066 173 1130 tione
192 1087 279 1145 mea,
294 1064 466 1149 Cibyratas
487 1064 623 1150 imperio
640 1085 713 1129 meo
727 1062 855 1149 publice
869 1062 992 1130 venari.
1038 1064 1091 1129 22.
1114 1062 1222 1151 Lepta
1235 1069 1293 1130 tua

76 1169 224 1254 epistola
245 1170 367 1256 gaudio
393 1169 545 1235 exsultat.
590 1167 724 1234 Etenim
748 1168 867 1254 scripta
886 1166 970 1235 belle
995 1171 1044 1235 est
1068 1190 1184 1254 meque
1207 1169 1295 1256 apud

76 1295 159 1337 eum
178 1294 303 1359 magna
317 1272 352 1337 in
366 1271 474 1358 gratia
493 1270 610 1357 posuit.
649 1270 771 1337 Filiola
787 1275 847 1337 tua
861 1275 993 1357 gratum
1006 1271 1089 1337 mihi
1103 1270 1191 1360 feeit,
1206 1273 1294 1357 quod

75 1373 141 1441 tibi
159 1376 337 1461 diligenter
351 1375 519 1441 mandavit
532 1378 571 1441 ut
585 1374 667 1441 mihi
681 1375 819 1441 salutem
834 1373 1025 1441 ascriberes:
1048 1378 1180 1461 gratum
1194 1375 1294 1446 etiam

77 1477 182 1558 Pilia,
198 1480 256 1544 aed
270 1478 328 1543 illa
343 1479 521 1559 officiosius,
537 1479 623 1565 quod
636 1478 728 1558 mihi,
745 1500 842 1564 quem
857 1475 1096 1567 [iampridem]
1113 1500 1292 1565 numquam

75 1582 178 1649 vidit.
224 1582 336 1669 Igitur
360 1587 398 1649 tu
421 1604 548 1669 quoque
573 1582 711 1649 salutem
735 1582 866 1668 utrique
890 1580 1049 1648 ascribito.
1093 1581 1293 1649 Litterarum

76 1689 238 1752 datarum
252 1688 322 1752 dies
335 1710 384 1773 pr.
399 1685 479 1752 Kal.
496 1686 628 1752 Ianuar.
645 1708 777 1752 suavem
787 1684 902 1752 habuit
916 1685 1169 1752 recordationem
1183 1686 1292 1752 claris·

76 1791 158 1856 simi
183 1790 432 1869 iurisiurandi,
459 1791 546 1876 quod
569 1812 631 1876 ego
653 1811 721 1856 non
747 1810 836 1855 eram
859 1788 987 1855 oblitus.
1032 1787 1176 1876 Magnus
1204 1789 1292 1857 enim

76 1899 305 1981 praetextatus
329 1894 388 1960 illo
411 1896 464 1961 die
489 1893 551 1959 fui.
595 1892 709 1959 Habes
732 1895 775 1959 ad
800 1893 919 1973 omnia,
949 1915 1026 1975 non,
1050 1898 1089 1959 ut
1111 1894 1292 1980 postulasti,

78 2004 209 2086 χρύσεα
227 2001 396 2086 χαλκείων,
412 1999 468 2064 sed
482 1997 575 2085 paria
588 1996 721 2084 paribus
738 1995 1007 2086 [respondimus].
1052 1999 1105 2063 23.
1128 1997 1213 2064 ane
1228 1999 1292 2065 alia

77 2108 194 2168 autem
209 2103 329 2188 pusilla
343 2103 487 2189 epistola,
503 2125 601 2188 quam
615 2124 682 2168 non
695 2102 877 2187 relinquam
888 2101 1154 2187 ἆναυτιφώνητον.
1199 2102 1292 2170 Bene

77 2206 267 2272 mehercule
282 2206 412 2292 †p0tuit
426 2205 586 2273 Luoeeius
600 2205 830 2284 Tusculanum,
852 2203 916 2270 nisi
931 2205 1139 2272 forte—solet
1160 2207 1290 2273 enim-

76 2332 154 2375 cum
177 2331 237 2375 suo
259 2308 403 2390 tibicine,
427 2315 461 2376 et
486 2309 584 2376 velim
609 2309 689 2375 seire
712 2307 769 2396 qui
794 2309 837 2375 sit
862 2311 965 2374 status
988 2308 1065 2375 eius.
1110 2308 1290 2377 Lentulum

76 2413 215 2498 quidem
241 2417 389 2480 nostrum
415 2419 516 2479 omnia
538 2419 666 2501 praeter
691 2412 913 2479 Tusculanum
938 2411 1156 2499 proseripsisse
1181 2416 1287 2482 audio.

77 2516 187 2604 Oupio
198 2517 260 2583 hos
274 2518 441 2603 expeditos
449 2519 569 2599 videre,
584 2518 678 2604 cupio
689 2517 789 2584 etiam
803 2515 955 2597 Sestium,
965 2516 1058 2597 adde,
1068 2515 1120 2595 sis,
1131 2516 1288 2599 (laelium,

75 2621 112 2686 in
125 2619 249 2708 quibus
264 2620 413 2688 omnibus
424 2629 482 2703 est,

294 2783 436 2851 αἴδεσθεν
450 2791 508 2869 μὲν
522 2783 712 2864 ἆνήνσσθσι,
728 2782 835 2852 δεῖσαν
850 2782 878 2851 δ’
892 2781 1074 2871 ὑποδέχθαι.

111 2991 154 3038 22.
173 2987 265 3053 Lepta]
289 2986 661 3052 Cioero'spraefactussatram:
712 2991 809 3053 Magni.
843 2988 975 3052 Pompeius
996 2987 1018 3038 is
1040 2988 1120 3039 called
1136 2990 1241 3053 Magnos
1259 2991 1287 3040 in

78 3056 188 3103 seeAtt.
201 3069 228 3101 r.
244 3056 284 3112 17,
298 3057 322 3112 2,
337 3054 382 3116 Ep.
396 3052 458 3103 ccix.
711 3055 755 3104 the
776 3055 870 3116 letters,
894 3070 956 3119 very
976 3053 1129 3119 frequently,
1153 3055 1203 3105 and
1221 3056 1284 3107 else-

110 3117 278 3183 iamprtdera]
304 3117 509 3182 Wcagreawith
520 3117 662 3178 Boot,vvho
712 3119 803 3180 where,
825 3137 877 3182 ay.
895 3119 924 3169 in
940 3119 1032 3170 Catull.
1052 3119 1088 3169 lv.
1106 3123 1130 3179 6,
1149 3122 1175 3168 a'n
1197 3121 1286 3185 Moysi

78 3183 195 3233 brackets
214 3183 285 3233 these
304 3184 393 3233 words.
429 3182 514 3233 Cicero
533 3183 661 3250 distinctly
711 3187 785 3233 simul
797 3186 975 3245 ambulatum
995 3184 1071 3234 Mart.
1087 3183 1122 3233 xi.
1137 3188 1160 3245 b,
1177 3189 1214 3247 11,
1232 3202 1284 3236 cam

78 3265 135 3312 says
144 3249 235 3306 above,
248 3250 302 3297 stt.
315 3264 339 3298 v.
354 3251 392 3306 19,
406 3251 430 3309 2,
444 3248 490 3312 Ep.
507 3264 589 3310 ccxx„
605 3250 662 3299 that
713 3251 810 3298 Caesare
825 3251 931 3313 Magnus
948 3251 1063 3308 amato&
1080 3265 1107 3299 so
1125 3250 1160 3299 all
1175 3249 1285 3317 through

78 3312 110 3362 be
124 3314 178 3363 had
192 3328 271 3362 never
286 3328 345 3362 scen
366 3313 425 3362 her:
444 3313 476 3362 be
494 3329 550 3362 now
567 3314 659 3372 writes,
711 3313 807 3363 Lucan.

81 3382 164 3442 ‘your
185 3378 332 3441 daughtar'a
353 3378 485 3441 politeness
507 3378 534 3427 in
556 3380 661 3444 sending
744 3382 784 3427 23.
803 3377 1011 3444 ἂναντιφῶνητον]
1047 3379 1242 3430 ‘unansvvered‘

80 3441 124 3491 her
141 3443 200 3491 love
218 3449 245 3491 to
263 3458 302 3491 me
317 3458 368 3491 was
385 3443 429 3493 the
446 3448 542 3506 greater
556 3444 661 3494 because
741 3445 807 3493 Bene
817 3444 947 3493 mehercule
955 3443 1048 3511 potuit]
1082 3444 1218 3509 Itisquite
1227 3460 1282 3495 use·

79 3506 123 3557 she
137 3522 191 3556 was
206 3506 312 3571 sending
326 3507 347 3557 it
360 3514 388 3557 to
402 3522 449 3557 ona
460 3508 542 3558 whom
552 3508 597 3559 she
610 3509 660 3559 had
709 3508 757 3558 less
773 3515 801 3559 to
819 3514 866 3572 put
882 3508 991 3558 forward
1007 3525 1057 3573 any
1071 3509 1100 3558 of
1116 3510 1159 3559 the
1176 3510 1283 3561 theorias

80 3588 158 3621 naver
168 3571 248 3621 seen!
709 3575 780 3623 made
790 3589 818 3623 as
828 3579 855 3624 to
870 3573 914 3624 the
929 3573 1045 3637 meaning
1060 3575 1088 3624 of
1103 3574 1155 3624 this
1170 3590 1281 3639 passage.

110 3639 165 3686 lite.
185 3639 300 3684 datorum
315 3636 376 3712 dies]
410 3638 470 3688 ‘the
482 3641 539 3688 data
554 3638 582 3688 of
595 3655 660 3704 your
708 3638 757 3688 We
774 3654 841 3704 may,
860 3637 982 3697 however,
1001 3638 1082 3688 arrivs
1097 3647 1124 3688 at
1139 3655 1155 3688 a
1168 3642 1283 3704 negativa

78 3700 153 3751 letter
163 3701 305 3766 pleasantly
315 3703 441 3751 remraded
450 3720 491 3754 ma
501 3704 529 3753 of
538 3703 582 3753 tha
593 3704 657 3753 cele·
708 3704 794 3764 result,
817 3703 874 3752 that
891 3702 913 3753 it
929 3701 951 3751 is
969 3702 1019 3753 idle
1035 3710 1062 3753 to
1079 3704 1170 3768 supply
1187 3707 1284 3754 omdere

80 3767 168 3817 brated
178 3766 239 3816 osth
251 3766 264 3815 l
277 3766 350 3816 took’
369 3768 420 3830 (for
435 3768 516 3817 which
534 3784 574 3818 aaa
586 3769 657 3818 Fam.
708 3769 774 3818 after
780 3771 871 3830 potuit,
891 3783 919 3817 or
933 3783 957 3816 se
974 3771 1010 3817 ut
1027 3768 1139 3817 oblectare
1149 3767 1215 3819 after
1224 3772 1281 3819 solet

79 3847 104 3879 v.
117 3835 143 3891 2,
163 3833 187 3892 7,
204 3831 253 3893 Ep.
273 3832 338 3892 xv).
372 3833 457 3881 Pridie
473 3835 533 3882 Kal.
554 3835 656 3883 Ianuar.
707 3837 770 3882 enim
780 3833 1001 3882 oumaoottttclne.

78 3896 141 3945 isin
154 3895 296 3959 appositior
307 3894 369 3944 with
380 3899 449 3955 dieu
466 3898 487 3947 it
497 3898 581 3947 would
594 3897 659 3947 bave
740 3896 866 3963 αἴδεσθεν]
899 3897 1085 3947 Thesearothe
1095 3897 1175 3947 words
1185 3897 1283 3961 applied

78 3960 141 4011 been
169 3977 239 4010 mors
266 3960 360 4009 normal
386 3960 410 4009 if
433 3960 466 4010 be
487 3961 537 4011 had
558 3961 659 4011 written
707 3962 788 4011 totbe
800 3961 932 4011 chieltains
943 3961 971 4011 of
981 3961 1024 4012 tha
1035 3962 1128 4012 Greeks
1136 3978 1168 4012 on
1179 3962 1282 4026 hearing

78 4029 120 4087 qai
131 4027 201 4088 suit,
225 4040 253 4074 as
274 4025 301 4073 in
316 4026 372 4074 Art.
389 4025 424 4075 iv.
446 4030 468 4085 1,
487 4029 510 4087 t,
535 4024 582 4089 Ep.
606 4043 656 4085 xc,
706 4026 1069 4091 theoballengeofHectorto
1084 4027 1163 4092 single
1174 4026 1279 4086 oombat,

77 4093 197 4150 postridie
208 4093 235 4138 in
251 4096 337 4138 senatu
351 4091 393 4151 qut
399 4091 457 4154 suit
468 4092 517 4140 dies
533 4093 659 4141 Nonarum
708 4091 741 4141 11.
754 4091 799 4140 vii.
813 4094 854 4140 93.
888 4091 942 4141 The
953 4092 1032 4141 words
1043 4092 1074 4142 do
1090 4098 1134 4141 not
1144 4106 1210 4141 seem
1220 4107 1281 4167 very

80 4155 274 4217 Septembrium:
291 4169 331 4204 see
342 4161 400 4204 note
410 4171 443 4205 on
453 4156 509 4205 that
518 4171 629 4220 passage.
707 4156 844 4220 applicabis
854 4161 881 4206 to
891 4156 935 4206 tba
951 4162 1050 4219 present
1066 4162 1173 4216 context,
1191 4172 1219 4206 ss
1229 4158 1251 4205 it
1260 4172 1283 4205 rs

109 4222 221 4283 Magnus
238 4218 428 4334 praetentataq]0
460 4221 498 4269 ‘A
526 4220 659 4285 Pompeius
707 4221 806 4285 usually
816 4220 972 4281 understood,
984 4221 1067 4272 which
1078 4220 1282 4285 seemstoimply

79 4285 105 4332 in
119 4300 135 4334 a
148 4283 356 4348 tcyapraetexta’
428 4302 452 4334 ιιι
470 4285 659 4335 οἱιισνισιιΙᾱῐισ
707 4285 763 4335 that
784 4286 854 4335 these
880 4285 1046 4336 embarrassed
1073 4284 1169 4334 Roman
1196 4285 1282 4334 nobles

81 4350 188 4412 Hagnas
204 4351 345 4410 paludatus.
379 4349 432 4399 Our
447 4302 530 4399 iiiend
544 4350 655 4400 andcol·
707 4350 1009 4414 vvereashamedwhyl)
1022 4350 1141 4400 torefuse
1151 4348 1284 4400 thesides

79 4414 175 4478 leugae,
185 4413 251 4463 Rev.
262 4413 293 4463 Τ.
307 4413 337 4462 Τ.
349 4412 425 4478 Gray,
436 4415 535 4480 acutely
546 4426 658 4479 suggests
708 4414 805 4475 Cacsar,
818 4415 867 4464 and
874 4430 938 4464 vvere
948 4414 1029 4464 afraid
1035 4422 1061 4464 to
1071 4420 1156 4478 accept
1165 4414 1195 4476 it,
1208 4414 1255 4465 lest
1262 4413 1283 4463 it

82 4479 136 4530 unt
157 4479 186 4528 in
209 4478 254 4528 the
288 4477 453 4528 well-known
480 4496 497 4543 p
609 4486 659 4528 atat
709 4479 799 4530 should
809 4477 1282 4543 compromisetbemintboapprcscb-

80 4547 163 4608 ugni
184 4544 291 4593 mminie
313 4542 397 4592 amlm
419 4560 457 4594 vve
477 4544 550 4595 shoul
587 4544 660 4595 write
709 4543 884 4609 ingetruggle.
908 4543 1017 4610 Perhaps
1025 4544 1086 4610 they
1095 4544 1286 4594 vcremhamad
