3150 5109
423 439 577 508 OOLXI.
601 441 724 525 (Fam
747 442 823 507 III.
846 443 913 528 10).
1218 445 1281 511 201

72 612 195 700 quihus
208 636 270 701 ego
284 637 353 681 non
365 619 436 683 tam
454 614 610 701 imperavi
630 637 730 702 quam
754 616 865 683 censui
884 620 1033 704 sumptus
1054 617 1172 705 legatie
1186 638 1285 704 quam

73 719 219 785 maxime
238 719 281 785 ad
294 719 402 806 legem
421 718 604 787 Corneliam
625 720 852 787 decernendos.
897 722 1009 805 Atqae
1025 721 1062 787 iu
1082 743 1120 788 co
1141 722 1211 807 ipso
1232 742 1286 787 me

72 844 141 889 non
152 845 371 909 perseverasse
385 827 482 889 testes
497 827 574 889 sunt
588 823 730 889 rationes
744 824 924 905 civitatum,
939 824 975 889 in
987 823 1115 911 quibus,
1125 829 1286 910 quantum

73 949 224 1013 quaeque
241 927 356 1008 voluit,
378 927 495 1015 legatis
511 927 578 993 tuis
592 928 707 994 datum
726 927 867 993 induxit.
913 929 945 993 7.
969 927 1017 993 Tc
1036 933 1147 994 autem
1168 925 1286 1013 quibus

72 1031 254 1097 mendaciis
268 1030 415 1098 homines
428 1030 584 1098 levissimi
597 1032 793 1097 oneranmtl
817 1053 884 1097 non
903 1032 1000 1098 modo
1019 1030 1162 1098 sublatos
1176 1052 1285 1117 sump-

72 1140 139 1213 tus,
165 1136 223 1201 sed
245 1136 345 1202 etiam
367 1158 387 1202 a
405 1134 665 1221 procuratoribus
687 1156 810 1214 eorum,
837 1134 894 1220 qui
918 1135 985 1201 iam
1008 1136 1146 1221 profecti
1169 1139 1287 1213 essent,

73 1239 233 1324 repetitos
244 1243 277 1306 et
287 1238 421 1320 ablatos,
434 1261 569 1326 eamque
577 1261 706 1306 causam
717 1239 830 1306 multis
844 1239 976 1305 omnino
987 1261 1053 1304 non
1064 1239 1165 1306 eundi
1176 1239 1285 1305 fuisse.

77 1340 243 1413 Quererer
260 1348 368 1409 tecum
390 1347 489 1429 atquc
507 1343 755 1429 expostularem,
777 1342 824 1422 ni,
840 1346 990 1429 utsupra
1010 1343 1131 1431 scripsi,
1147 1365 1288 1429 purgare

74 1466 130 1511 me
144 1444 208 1512 tibi
223 1445 284 1513 hoc
298 1451 355 1512 tuo
370 1452 515 1533 tempore
538 1468 636 1532 quam
658 1468 808 1512 accusare
825 1450 858 1512 te
877 1447 1010 1512 mallem
1027 1447 1124 1532 idque
1139 1451 1288 1533 putarem

76 1571 147 1615 esse
167 1550 297 1616 rectius.
347 1549 467 1636 Itaque
481 1550 567 1616 nihil
581 1551 622 1616 do
636 1555 670 1617 te
684 1551 773 1636 quod
787 1550 981 1616 credideris:
1003 1552 1044 1617 de
1061 1573 1114 1617 me
1128 1573 1227 1637 quam
1246 1549 1288 1617 cb

75 1674 147 1720 rem
161 1675 230 1720 non
244 1652 392 1721 debueris
407 1656 533 1720 credere
548 1676 652 1740 pauca
666 1654 781 1720 dicam.
827 1654 917 1721 Nam
932 1654 959 1719 si
973 1677 1026 1721 me
1040 1655 1147 1720 virum
1156 1654 1290 1735 bonum,

73 1757 104 1822 si
118 1757 260 1844 dignum
273 1758 315 1824 iis
329 1757 445 1824 studiis
459 1779 560 1844 eaque
574 1757 732 1837 doctrina,
748 1758 802 1823 oui
815 1779 867 1824 me
883 1781 903 1823 a
917 1758 1058 1845 pueritia
1066 1759 1152 1839 dedi,
1169 1759 1287 1825 sisatis

75 1862 194 1947 magni
214 1862 326 1942 animi,
352 1884 420 1928 non
445 1861 575 1928 minimi
591 1862 718 1929 oonsilii
740 1863 777 1927 in
800 1862 952 1928 maximis
972 1860 1068 1929 rebus
1086 1866 1290 1949 perspectum

75 1964 190 2045 habes,
205 1965 290 2031 nihil
299 1965 336 2032 in
350 1989 403 2033 me
417 1988 485 2033 non
498 1968 596 2033 modo
610 1966 819 2053 perfidiosum
834 1970 867 2032 et
881 1966 1074 2033 insidiosum
1088 1970 1122 2033 et
1136 1966 1240 2031 fallax
1253 1966 1290 2031 in

76 2069 233 2150 amicitia,
259 2072 316 2138 sed
341 2093 384 2138 ne
408 2070 533 2137 humile
561 2071 693 2157 quidem
722 2075 780 2137 aut
809 2070 957 2136 ieiunum
985 2070 1082 2137 debes
1106 2092 1288 2157 agnoscere.

77 2174 110 2239 8.
134 2171 197 2240 Sin
211 2189 321 2241 autem
335 2197 389 2242 me
403 2179 548 2242 astutum
563 2179 597 2241 et
615 2174 776 2240 occultum
797 2172 878 2239 libet
898 2173 1031 2260 fingere,
1047 2173 1126 2260 quid
1141 2172 1291 2260 estquod

77 2277 191 2343 minus
204 2280 318 2346 cadere
335 2279 372 2346 in
390 2280 459 2346 eius
476 2278 566 2346 modi
587 2281 740 2345 naturam
758 2276 860 2363 possit
879 2299 978 2362 quam
997 2282 1055 2342 aut
1072 2276 1291 2342 florentissimi

78 2381 224 2447 hominis
233 2383 397 2469 aspernari
406 2382 665 2450 benevolentiam
673 2387 731 2448 aut
740 2382 809 2446 eius
820 2379 1091 2448 existimationem
1102 2402 1293 2468 oppugnare

79 2485 115 2551 in
130 2487 310 2573 provincia,
333 2487 424 2553 ornus
443 2487 574 2553 laudem
596 2488 686 2553 domi
707 2484 900 2565 defenderis,
921 2489 977 2551 aut
992 2484 1028 2550 in
1042 2507 1081 2551 ea
1094 2508 1130 2551 re
1144 2484 1291 2550 animum

80 2590 251 2656 ostendere
264 2590 443 2671 inimicum,
457 2590 493 2657 in
509 2613 575 2677 qua
587 2590 673 2656 nihil
687 2588 781 2670 obsis,
798 2592 855 2654 aut
868 2589 904 2655 id
918 2588 1037 2674 eligere
1054 2589 1096 2654 ad
1111 2588 1290 2674 perfidiam,

80 2694 172 2778 quod
186 2693 230 2758 ad
243 2693 456 2761 indicandum
470 2694 581 2760 odium
595 2692 833 2780 apertissimum
848 2692 900 2771 sit,
916 2694 959 2758 ad
972 2693 1155 2758 nocendum
1169 2690 1290 2757 levissi-

81 2797 204 2863 mum?
249 2795 340 2869 Quid
359 2803 429 2864 erat
451 2803 562 2864 autem
583 2820 641 2864 our
663 2819 724 2884 ego
747 2797 784 2861 in
808 2800 842 2862 te
859 2800 929 2861 tam
946 2795 1159 2881 implacabilis
1180 2817 1292 2874 essem,

81 2923 157 2966 cum
172 2905 208 2966 te
224 2923 265 2967 ex
276 2901 378 2967 frume
392 2923 465 2967 meo
479 2924 521 2967 ne
535 2904 614 2967 tunc
629 2901 771 2987 quidem,
793 2922 867 2967 cum
881 2898 943 2967 tibi
957 2922 1057 2986 prope
1071 2920 1197 2965 necesse
1211 2903 1294 2965 esset

82 3024 136 3069 cas
161 3025 260 3090 agere
283 3009 402 3089 partes,
425 3004 595 3071 inimicum
618 3003 700 3070 mihi
725 3004 826 3070 fuisse
852 3003 1067 3089 cognossem?
1110 3001 1194 3069 Oum
1217 3024 1295 3068 vero

82 3107 228 3173 reditum
243 3112 390 3173 nostrum
410 3107 447 3173 in
465 3108 606 3196 gratiam
625 3113 760 3194 uterque
782 3108 966 3194 expetisset,
981 3107 1061 3193 quid
1075 3107 1110 3172 in
1125 3106 1294 3172 consulatu

83 3218 140 3276 tuo
156 3211 281 3277 frustra
293 3233 421 3278 mecum
436 3212 533 3300 egisti
548 3214 634 3299 quod
647 3235 700 3279 me
714 3216 773 3279 aut
786 3213 891 3279 facere
906 3217 964 3277 aut
978 3210 1097 3278 sentire
1111 3210 1297 3277 voluisses?

85 3422 209 3488 supposed
226 3420 270 3472 tho
291 3423 372 3472 words
393 3438 463 3473 arose
484 3422 549 3473 from
571 3440 587 3473 a
603 3440 668 3475 mar-
751 3426 814 3487 quoa
838 3424 980 3489 eccae-ia]
1028 3422 1148 3473 ‘because
1175 3438 1227 3487 you
1252 3424 1296 3473 be-

86 3489 153 3553 gina]
165 3488 234 3551 gloss
245 3502 278 3536 on
288 3486 332 3537 the
339 3488 471 3552 preceding
478 3496 592 3539 sentence
604 3490 623 3554 (‘
632 3506 666 3540 sc.
718 3488 819 3539 licred!

85 3570 125 3603 ex.
145 3552 265 3616 Epicteto
282 3552 430 3615 philosopho
444 3553 583 3619 potitum’).
616 3553 669 3604 But
750 3555 879 3603 nihil...
911 3551 992 3618 ngare]
1027 3550 1122 3602 ‘sofar
1132 3552 1196 3602 from
1211 3568 1295 3617 recog·

85 3616 493 3682 hegivcsinrelueuntlyoothe
504 3619 672 3669 consensuros
718 3618 805 3683 nizing
826 3634 858 3668 an
907 3616 1130 3682 'gtreaoheroua
1153 3633 1182 3667 or
1204 3619 1294 3668 under·

86 3683 197 3733 uenas.
718 3684 793 3745 hand,
807 3681 1156 3745 ordeoeitfulinsriendship‚
1171 3684 1298 3747 youhave

118 3749 205 3810 quibas
224 3762 265 3809 09⁰
283 3761 330 3795 non
346 3752 396 3795 tam
414 3783 421 3796 .
442 3782 475 3796 ..
499 3747 591 3815 ommi]
627 3752 669 3799 ‘to
718 3747 867 3812 norightto
882 3746 1296 3812 pretendtorecognizcanything

86 3813 170 3863 whom
187 3811 257 3860 what
277 3810 292 3860 I
309 3811 363 3861 said
378 3826 431 3861 was
446 3817 491 3861 not
506 3827 534 3863 so
549 3813 668 3864 muchan
717 3813 909 3878 loworpaltry.
944 3811 1253 3876 Butifyouarapleased
1270 3820 1296 3863 to

86 3875 433 3940 orderasanexpressionof
448 3876 568 3951 opinion)
717 3877 826 3942 imagine
837 3893 877 3927 mc
887 3893 921 3926 an
930 3876 1008 3926 artiul
1019 3877 1069 3927 and
1079 3877 1141 3926 durh
1151 3877 1227 3939 man,’
1238 3878 1283 3928 dc.

117 3940 231 4030 induxit]
265 3942 289 3989 A
317 3939 504 4006 book-kecpmg
530 3943 600 3992 word
626 3942 667 3992 for
751 3945 774 3991 8.
792 3940 1157 4008 emnildipropcmoemoeeot]
1174 3942 1294 3993 suwhon

90 4007 219 4070 ‘catering
255 4005 284 4055 ia
300 4021 334 4056 uu
355 4012 474 4056 account:
500 4022 541 4055 see
561 4012 620 4057 note
641 4014 669 4057 to
717 4006 823 4070 Appius·
836 4007 944 4069 brother,
963 4006 993 4055 P.
1014 4006 1123 4068 Clodius,
1142 4022 1193 4056 was
1210 4007 1295 4057 amail-

87 4073 141 4123 Au„
169 4071 207 4121 iv.
229 4072 268 4132 17,
289 4073 314 4132 2,
332 4070 382 4135 Ep.
405 4070 464 4121 clix.
515 4071 669 4135 Wesenberg
717 4071 828 4136 ingme:
847 4088 886 4135 op.
898 4074 953 4122 Au.
965 4071 994 4121 ii.
1007 4074 1047 4132 22,
1061 4074 1085 4132 2,
1098 4071 1147 4134 Ep.
1160 4071 1222 4121 xlix.

88 4138 155 4200 (Em.
174 4138 233 4212 nile.
250 4150 282 4212 p.
303 4138 328 4201 7)
357 4139 380 4185 is
406 4136 513 4200 perhaps
541 4136 611 4212 right
640 4136 667 4186 in
751 4139 1001 4213 puidinconsulatu.
1022 4174 1029 4185 .
1050 4134 1194 4249 ‚columma
1210 4135 1295 4187 ‘what

88 4207 279 4319 mauu
300 4200 634 4330 “distillgittlll
719 4202 1176 4330 tthhhvttthtlhtt
1198 4200 1295 4316 tot:

121 4331 493 4395 momodomczatoeemnptur]
528 4335 589 4381 ‘not
607 4330 667 4396 only
717 4331 813 4382 isherc
831 4337 858 4381 to
871 4282 965 4381 dehvcr
978 4346 994 4379 a
1009 4330 1141 4380 sententia:
1160 4345 1199 4393 cp.
1220 4330 1293 4381 Fam.

87 4396 295 4447 thesamsvoted
311 4410 378 4444 were
392 4395 524 4455 canoelled,
540 4396 587 4445 but
605 4411 668 4446 evea
717 4394 755 4445 iii
782 4398 806 4456 8,
828 4399 852 4456 9,
876 4396 924 4458 Ep.
945 4395 1046 4455 ccxxii,
1070 4397 1092 4443 ei
1113 4409 1219 4457 unquam
1243 4412 1293 4445 mea

89 4459 572 4511 demandedbuchundexaotedfromthe
581 4467 668 4526 agents
718 4476 790 4509 cama
823 4463 952 4523 quidquam
979 4467 1023 4508 eut
1049 4460 1123 4507 sensit
1151 4466 1194 4508 aut
1219 4461 1291 4521 fecit.

89 4525 266 4578 mthooewho
277 4524 327 4575 had
338 4525 439 4589 already
450 4530 487 4575 set
494 4525 557 4575 out.'
719 4525 804 4576 Cicero
814 4541 899 4576 means
909 4524 1069 4589 thatAppius
1076 4539 1152 4574 never
1159 4524 1294 4576 askedhirn
