<?xml version="1.0" encoding="UTF-8"?>
<!DOCTYPE html PUBLIC "-//W3C//DTD XHTML 1.0 Transitional//EN"
    "http://www.w3.org/TR/xhtml1/DTD/xhtml1-transitional.dtd">
<html xmlns="http://www.w3.org/1999/xhtml" xml:lang="en" lang="en">
 <head>
  <title>
</title>
<meta http-equiv="Content-Type" content="text/html;charset=utf-8" />
  <meta name='ocr-system' content='tesseract 3.04.00' />
  <meta name='ocr-capabilities' content='ocr_page ocr_carea ocr_par ocr_line ocrx_word'/>
</head>
<body>
  <div class='ocr_page' id='page_1' title='image "./correspondencem00pursgoog_0292.png"; bbox 0 0 3150 5109; ppageno 0'>
   <div class='ocr_carea' id='block_1_1' title="bbox 243 440 1075 527">
    <p class='ocr_par' dir='ltr' id='par_1_1' title="bbox 243 440 1075 527">
     <span class='ocr_line' id='line_1_1' title="bbox 243 440 1075 527; baseline -0.006 -17"><span class='ocrx_word' id='word_1_1' title='bbox 243 446 308 510; x_wconf 75' lang='lat' dir='ltr'><strong>us</strong></span> <span class='ocrx_word' id='word_1_2' title='bbox 634 441 772 509; x_wconf 75' lang='lat' dir='ltr'><strong>coru.</strong></span> <span class='ocrx_word' id='word_1_3' title='bbox 798 441 914 526; x_wconf 71' lang='lat' dir='ltr'><strong>(Ars.</strong></span> <span class='ocrx_word' id='word_1_4' title='bbox 946 440 1005 510; x_wconf 79' lang='lat' dir='ltr'><strong>VJ.</strong></span> <span class='ocrx_word' id='word_1_5' title='bbox 1027 442 1075 527; x_wconf 94' lang='lat'><strong>1).</strong></span> 
     </span>
    </p>
   </div>
   <div class='ocr_carea' id='block_1_2' title="bbox 236 613 1453 2563">
    <p class='ocr_par' dir='ltr' id='par_1_2' title="bbox 236 613 1453 2563">
     <span class='ocr_line' id='line_1_2' title="bbox 240 613 1453 704; baseline -0.002 -20"><span class='ocrx_word' id='word_1_6' title='bbox 240 617 331 690; x_wconf 83' lang='lat' dir='ltr'>Quid</span> <span class='ocrx_word' id='word_1_7' title='bbox 354 617 508 704; x_wconf 79' lang='lat' dir='ltr'><strong>quaeris?</strong></span> <span class='ocrx_word' id='word_1_8' title='bbox 552 616 772 701; x_wconf 80' lang='lat' dir='ltr'><strong>Aliquantum</strong></span> <span class='ocrx_word' id='word_1_9' title='bbox 794 618 843 681; x_wconf 88' lang='lat' dir='ltr'><strong>est</strong></span> <span class='ocrx_word' id='word_1_10' title='bbox 864 614 1001 702; x_wconf 89' lang='lat' dir='ltr'><strong>negotii.</strong></span> <span class='ocrx_word' id='word_1_11' title='bbox 1047 616 1100 681; x_wconf 79' lang='lat'><strong>15.</strong></span> <span class='ocrx_word' id='word_1_12' title='bbox 1123 613 1177 681; x_wconf 90' lang='lat' dir='ltr'><strong>De</strong></span> <span class='ocrx_word' id='word_1_13' title='bbox 1202 613 1316 682; x_wconf 90' lang='lat' dir='ltr'><strong>Bibuli</strong></span> <span class='ocrx_word' id='word_1_14' title='bbox 1345 615 1453 682; x_wconf 91' lang='lat' dir='ltr'><strong>edicto</strong></span> 
     </span>
     <span class='ocr_line' id='line_1_3' title="bbox 240 718 1451 807; baseline -0.001 -21"><span class='ocrx_word' id='word_1_15' title='bbox 240 721 325 787; x_wconf 88' lang='lat' dir='ltr'>nihil</span> <span class='ocrx_word' id='word_1_16' title='bbox 339 721 416 788; x_wconf 83' lang='lat' dir='ltr'><strong>novi</strong></span> <span class='ocrx_word' id='word_1_17' title='bbox 429 724 557 807; x_wconf 88' lang='lat' dir='ltr'><strong>praeter</strong></span> <span class='ocrx_word' id='word_1_18' title='bbox 577 719 669 784; x_wconf 91' lang='lat' dir='ltr'><strong>illam</strong></span> <span class='ocrx_word' id='word_1_19' title='bbox 691 718 923 804; x_wconf 87' lang='lat' dir='ltr'><strong>exceptionem,</strong></span> <span class='ocrx_word' id='word_1_20' title='bbox 947 718 989 785; x_wconf 88' lang='lat' dir='ltr'><strong>de</strong></span> <span class='ocrx_word' id='word_1_21' title='bbox 1011 739 1076 804; x_wconf 85' lang='lat' dir='ltr'><strong>quc</strong></span> <span class='ocrx_word' id='word_1_22' title='bbox 1095 723 1135 785; x_wconf 93' lang='lat' dir='ltr'><strong>tu</strong></span> <span class='ocrx_word' id='word_1_23' title='bbox 1148 720 1191 784; x_wconf 90' lang='lat' dir='ltr'><strong>ed</strong></span> <span class='ocrx_word' id='word_1_24' title='bbox 1204 741 1257 785; x_wconf 90' lang='lat' dir='ltr'><strong>me</strong></span> <span class='ocrx_word' id='word_1_25' title='bbox 1271 718 1451 805; x_wconf 73' lang='lat' dir='ltr'><strong>scripseras,</strong></span> 
     </span>
     <span class='ocr_line' id='line_1_4' title="bbox 242 821 1453 912; baseline -0.001 -22"><span class='ocrx_word' id='word_1_26' title='bbox 242 825 361 891; x_wconf 86' lang='lat' dir='ltr'><strong>‘nimia</strong></span> <span class='ocrx_word' id='word_1_27' title='bbox 376 826 470 912; x_wconf 85' lang='lat' dir='ltr'><strong>gravi</strong></span> <span class='ocrx_word' id='word_1_28' title='bbox 484 822 682 911; x_wconf 88' lang='lat' dir='ltr'><strong>praeiudicio</strong></span> <span class='ocrx_word' id='word_1_29' title='bbox 696 822 733 887; x_wconf 91' lang='lat' dir='ltr'><strong>in</strong></span> <span class='ocrx_word' id='word_1_30' title='bbox 748 822 897 888; x_wconf 82' lang='lat' dir='ltr'><strong>ordinem</strong></span> <span class='ocrx_word' id='word_1_31' title='bbox 919 823 1087 887; x_wconf 67' lang='lat' dir='ltr'><strong>nostrum!</strong></span> <span class='ocrx_word' id='word_1_32' title='bbox 1133 821 1209 909; x_wconf 85' lang='lat' dir='ltr'><strong>Ego</strong></span> <span class='ocrx_word' id='word_1_33' title='bbox 1223 832 1333 888; x_wconf 89' lang='lat' dir='ltr'><strong>tamen</strong></span> <span class='ocrx_word' id='word_1_34' title='bbox 1347 821 1453 890; x_wconf 89' lang='lat' dir='ltr'><strong>habeo</strong></span> 
     </span>
     <span class='ocr_line' id='line_1_5' title="bbox 240 924 1451 1012; baseline -0.002 -18"><span class='ocrx_word' id='word_1_35' title='bbox 240 927 505 1012; x_wconf 73' lang='grc' dir='ltr'>ἱνοδνναμοῦσνν,</span> <span class='ocrx_word' id='word_1_36' title='bbox 517 927 574 992; x_wconf 92' lang='lat' dir='ltr'><strong>sed</strong></span> <span class='ocrx_word' id='word_1_37' title='bbox 582 926 759 1004; x_wconf 90' lang='lat' dir='ltr'><strong>tectiorem,</strong></span> <span class='ocrx_word' id='word_1_38' title='bbox 774 948 816 990; x_wconf 85' lang='lat' dir='ltr'><strong>ex</strong></span> <span class='ocrx_word' id='word_1_39' title='bbox 826 924 867 997; x_wconf 79' lang='lat' dir='ltr'><strong>Q.</strong></span> <span class='ocrx_word' id='word_1_40' title='bbox 877 925 981 992; x_wconf 86' lang='lat' dir='ltr'><strong>Mucii</strong></span> <span class='ocrx_word' id='word_1_41' title='bbox 993 924 1033 991; x_wconf 90' lang='lat' dir='ltr'><strong>P.</strong></span> <span class='ocrx_word' id='word_1_42' title='bbox 1044 924 1084 991; x_wconf 85' lang='lat' dir='ltr'><strong>F.</strong></span> <span class='ocrx_word' id='word_1_43' title='bbox 1100 926 1205 992; x_wconf 92' lang='lat' dir='ltr'><strong>edicto</strong></span> <span class='ocrx_word' id='word_1_44' title='bbox 1219 926 1375 1007; x_wconf 79' lang='lat' dir='ltr'><strong>Asiatico,</strong></span> <span class='ocrx_word' id='word_1_45' title='bbox 1391 947 1451 992; x_wconf 84' lang='lat' dir='ltr'><strong>nx·</strong></span> 
     </span>
     <span class='ocr_line' id='line_1_6' title="bbox 239 1050 1453 1110; baseline 0 -14"><span class='ocrx_word' id='word_1_46' title='bbox 239 1052 307 1096; x_wconf 74' lang='lat' dir='ltr'><strong>ras</strong></span> <span class='ocrx_word' id='word_1_47' title='bbox 318 1052 415 1100; x_wconf 76' lang='lat' dir='ltr'><strong>cusu</strong></span> <span class='ocrx_word' id='word_1_48' title='bbox 430 1053 459 1096; x_wconf 86' lang='lat' dir='ltr'><strong>sr</strong></span> <span class='ocrx_word' id='word_1_49' title='bbox 475 1051 533 1095; x_wconf 72' lang='lat' dir='ltr'><strong>rra</strong></span> <span class='ocrx_word' id='word_1_50' title='bbox 544 1050 722 1095; x_wconf 76' lang='lat' dir='ltr'><strong>unocrruu</strong></span> <span class='ocrx_word' id='word_1_51' title='bbox 740 1050 875 1094; x_wconf 83' lang='lat' dir='ltr'><strong>onsrou</strong></span> <span class='ocrx_word' id='word_1_52' title='bbox 891 1051 959 1110; x_wconf 82' lang='lat' dir='ltr'><strong>asr,</strong></span> <span class='ocrx_word' id='word_1_53' title='bbox 977 1051 1022 1094; x_wconf 86' lang='lat' dir='ltr'><strong>ur</strong></span> <span class='ocrx_word' id='word_1_54' title='bbox 1032 1051 1075 1095; x_wconf 83' lang='lat' dir='ltr'><strong>no</strong></span> <span class='ocrx_word' id='word_1_55' title='bbox 1087 1051 1183 1095; x_wconf 75' lang='lat' dir='ltr'><strong>srsru</strong></span> <span class='ocrx_word' id='word_1_56' title='bbox 1196 1051 1266 1094; x_wconf 71' lang='lat' dir='ltr'><strong>nor</strong></span> <span class='ocrx_word' id='word_1_57' title='bbox 1277 1052 1453 1096; x_wconf 76' lang='lat' dir='ltr'><strong>oroarrsr</strong></span> 
     </span>
     <span class='ocr_line' id='line_1_7' title="bbox 239 1131 1452 1219; baseline 0 -19"><span class='ocrx_word' id='word_1_58' title='bbox 239 1155 286 1200; x_wconf 80' lang='lat' dir='ltr'><strong>rx</strong></span> <span class='ocrx_word' id='word_1_59' title='bbox 301 1156 381 1200; x_wconf 76' lang='lat' dir='ltr'><strong>runs</strong></span> <span class='ocrx_word' id='word_1_60' title='bbox 397 1155 497 1215; x_wconf 71' lang='lat' dir='ltr'><strong>sors,</strong></span> <span class='ocrx_word' id='word_1_61' title='bbox 512 1134 681 1219; x_wconf 87' lang='lat' dir='ltr'><strong>multaque</strong></span> <span class='ocrx_word' id='word_1_62' title='bbox 696 1155 768 1198; x_wconf 89' lang='lat' dir='ltr'><strong>sum</strong></span> <span class='ocrx_word' id='word_1_63' title='bbox 784 1136 912 1199; x_wconf 88' lang='lat' dir='ltr'><strong>secutus</strong></span> <span class='ocrx_word' id='word_1_64' title='bbox 926 1131 1107 1212; x_wconf 81' lang='lat' dir='ltr'><strong>Scaevolae,</strong></span> <span class='ocrx_word' id='word_1_65' title='bbox 1123 1132 1159 1198; x_wconf 90' lang='lat' dir='ltr'><strong>in</strong></span> <span class='ocrx_word' id='word_1_66' title='bbox 1173 1133 1214 1199; x_wconf 88' lang='lat' dir='ltr'><strong>iis</strong></span> <span class='ocrx_word' id='word_1_67' title='bbox 1227 1134 1321 1214; x_wconf 89' lang='lat' dir='ltr'><strong>illud,</strong></span> <span class='ocrx_word' id='word_1_68' title='bbox 1336 1133 1372 1198; x_wconf 92' lang='lat' dir='ltr'><strong>in</strong></span> <span class='ocrx_word' id='word_1_69' title='bbox 1386 1156 1452 1219; x_wconf 89' lang='lat' dir='ltr'><strong>quo</strong></span> 
     </span>
     <span class='ocr_line' id='line_1_8' title="bbox 239 1234 1451 1323; baseline 0 -20"><span class='ocrx_word' id='word_1_70' title='bbox 239 1237 301 1303; x_wconf 91' lang='lat' dir='ltr'><strong>sibi</strong></span> <span class='ocrx_word' id='word_1_71' title='bbox 315 1236 500 1304; x_wconf 82' lang='lat' dir='ltr'><strong>libertatem</strong></span> <span class='ocrx_word' id='word_1_72' title='bbox 521 1242 653 1303; x_wconf 87' lang='lat' dir='ltr'><strong>consent</strong></span> <span class='ocrx_word' id='word_1_73' title='bbox 669 1234 785 1302; x_wconf 78' lang='lat' dir='ltr'><strong>Graeci</strong></span> <span class='ocrx_word' id='word_1_74' title='bbox 801 1238 923 1318; x_wconf 80' lang='lat' dir='ltr'><strong>datam,</strong></span> <span class='ocrx_word' id='word_1_75' title='bbox 939 1240 978 1301; x_wconf 91' lang='lat' dir='ltr'><strong>ut</strong></span> <span class='ocrx_word' id='word_1_76' title='bbox 993 1235 1108 1302; x_wconf 79' lang='lat' dir='ltr'><strong>Graeci</strong></span> <span class='ocrx_word' id='word_1_77' title='bbox 1122 1235 1209 1302; x_wconf 87' lang='lat' dir='ltr'><strong>inter</strong></span> <span class='ocrx_word' id='word_1_78' title='bbox 1223 1259 1256 1303; x_wconf 88' lang='lat' dir='ltr'><strong>se</strong></span> <span class='ocrx_word' id='word_1_79' title='bbox 1271 1237 1451 1323; x_wconf 75' lang='lat' dir='ltr'><strong>disceptent</strong></span> 
     </span>
     <span class='ocr_line' id='line_1_9' title="bbox 239 1338 1450 1427; baseline 0.001 -21"><span class='ocrx_word' id='word_1_80' title='bbox 239 1341 305 1406; x_wconf 87' lang='lat' dir='ltr'><strong>suis</strong></span> <span class='ocrx_word' id='word_1_81' title='bbox 315 1339 451 1427; x_wconf 88' lang='lat' dir='ltr'><strong>legibus.</strong></span> <span class='ocrx_word' id='word_1_82' title='bbox 483 1339 590 1407; x_wconf 87' lang='lat' dir='ltr'><strong>Breve</strong></span> <span class='ocrx_word' id='word_1_83' title='bbox 601 1343 711 1405; x_wconf 88' lang='lat' dir='ltr'><strong>autem</strong></span> <span class='ocrx_word' id='word_1_84' title='bbox 720 1339 863 1405; x_wconf 88' lang='lat' dir='ltr'><strong>edictum</strong></span> <span class='ocrx_word' id='word_1_85' title='bbox 874 1343 923 1404; x_wconf 90' lang='lat' dir='ltr'><strong>est</strong></span> <span class='ocrx_word' id='word_1_86' title='bbox 933 1342 1065 1425; x_wconf 91' lang='lat' dir='ltr'><strong>propter</strong></span> <span class='ocrx_word' id='word_1_87' title='bbox 1074 1338 1159 1405; x_wconf 87' lang='lat' dir='ltr'><strong>hanc</strong></span> <span class='ocrx_word' id='word_1_88' title='bbox 1173 1362 1279 1407; x_wconf 89' lang='lat' dir='ltr'><strong>meam</strong></span> <span class='ocrx_word' id='word_1_89' title='bbox 1290 1338 1450 1426; x_wconf 74' lang='grc' dir='ltr'>διαίρεσιν,</span> 
     </span>
     <span class='ocr_line' id='line_1_10' title="bbox 238 1442 1449 1531; baseline 0 -22"><span class='ocrx_word' id='word_1_90' title='bbox 238 1445 325 1530; x_wconf 86' lang='lat' dir='ltr'><strong>quod</strong></span> <span class='ocrx_word' id='word_1_91' title='bbox 339 1444 465 1510; x_wconf 88' lang='lat' dir='ltr'><strong>duobus</strong></span> <span class='ocrx_word' id='word_1_92' title='bbox 480 1442 653 1531; x_wconf 88' lang='lat' dir='ltr'><strong>generibus</strong></span> <span class='ocrx_word' id='word_1_93' title='bbox 668 1442 862 1509; x_wconf 88' lang='lat' dir='ltr'><strong>edicendum</strong></span> <span class='ocrx_word' id='word_1_94' title='bbox 884 1443 1018 1528; x_wconf 83' lang='lat' dir='ltr'><strong>putavi:</strong></span> <span class='ocrx_word' id='word_1_95' title='bbox 1042 1464 1180 1528; x_wconf 89' lang='lat' dir='ltr'><strong>quorum</strong></span> <span class='ocrx_word' id='word_1_96' title='bbox 1194 1465 1298 1508; x_wconf 92' lang='lat' dir='ltr'><strong>unum</strong></span> <span class='ocrx_word' id='word_1_97' title='bbox 1312 1447 1361 1508; x_wconf 86' lang='lat' dir='ltr'><strong>est</strong></span> <span class='ocrx_word' id='word_1_98' title='bbox 1376 1464 1449 1530; x_wconf 89' lang='lat' dir='ltr'><strong>pro·</strong></span> 
     </span>
     <span class='ocr_line' id='line_1_11' title="bbox 236 1545 1450 1633; baseline -0.001 -19"><span class='ocrx_word' id='word_1_99' title='bbox 236 1547 384 1628; x_wconf 82' lang='lat' dir='ltr'><strong>vinciale,</strong></span> <span class='ocrx_word' id='word_1_100' title='bbox 407 1548 442 1612; x_wconf 91' lang='lat' dir='ltr'><strong>in</strong></span> <span class='ocrx_word' id='word_1_101' title='bbox 466 1569 532 1633; x_wconf 91' lang='lat' dir='ltr'><strong>quo</strong></span> <span class='ocrx_word' id='word_1_102' title='bbox 557 1551 606 1613; x_wconf 88' lang='lat' dir='ltr'><strong>eet</strong></span> <span class='ocrx_word' id='word_1_103' title='bbox 634 1548 676 1612; x_wconf 92' lang='lat' dir='ltr'><strong>de</strong></span> <span class='ocrx_word' id='word_1_104' title='bbox 696 1545 877 1612; x_wconf 87' lang='lat' dir='ltr'><strong>rationibus</strong></span> <span class='ocrx_word' id='word_1_105' title='bbox 901 1545 1082 1626; x_wconf 80' lang='lat' dir='ltr'><strong>civitatum,</strong></span> <span class='ocrx_word' id='word_1_106' title='bbox 1105 1547 1146 1612; x_wconf 89' lang='lat' dir='ltr'><strong>de</strong></span> <span class='ocrx_word' id='word_1_107' title='bbox 1172 1569 1245 1612; x_wconf 91' lang='lat' dir='ltr'><strong>aere</strong></span> <span class='ocrx_word' id='word_1_108' title='bbox 1265 1546 1382 1626; x_wconf 83' lang='lat' dir='ltr'><strong>alieno,</strong></span> <span class='ocrx_word' id='word_1_109' title='bbox 1408 1547 1450 1613; x_wconf 93' lang='lat' dir='ltr'><strong>de</strong></span> 
     </span>
     <span class='ocr_line' id='line_1_12' title="bbox 237 1648 1450 1737; baseline -0.001 -19"><span class='ocrx_word' id='word_1_110' title='bbox 237 1673 346 1731; x_wconf 87' lang='lat' dir='ltr'><strong>usura,</strong></span> <span class='ocrx_word' id='word_1_111' title='bbox 362 1651 403 1717; x_wconf 86' lang='lat' dir='ltr'><strong>de</strong></span> <span class='ocrx_word' id='word_1_112' title='bbox 417 1649 623 1737; x_wconf 79' lang='lat' dir='ltr'><strong>syngraphis,</strong></span> <span class='ocrx_word' id='word_1_113' title='bbox 638 1651 675 1716; x_wconf 92' lang='lat' dir='ltr'><strong>in</strong></span> <span class='ocrx_word' id='word_1_114' title='bbox 690 1650 802 1717; x_wconf 87' lang='lat' dir='ltr'><strong>eodem</strong></span> <span class='ocrx_word' id='word_1_115' title='bbox 817 1649 928 1715; x_wconf 90' lang='lat' dir='ltr'><strong>omnia</strong></span> <span class='ocrx_word' id='word_1_116' title='bbox 939 1651 979 1716; x_wconf 95' lang='lat' dir='ltr'><strong>de</strong></span> <span class='ocrx_word' id='word_1_117' title='bbox 990 1648 1181 1735; x_wconf 89' lang='lat' dir='ltr'><strong>publicanis,</strong></span> <span class='ocrx_word' id='word_1_118' title='bbox 1197 1650 1347 1730; x_wconf 87' lang='lat' dir='ltr'><strong>alterum,</strong></span> <span class='ocrx_word' id='word_1_119' title='bbox 1362 1652 1450 1736; x_wconf 89' lang='lat' dir='ltr'><strong>quod</strong></span> 
     </span>
     <span class='ocr_line' id='line_1_13' title="bbox 237 1752 1448 1840; baseline -0.001 -20"><span class='ocrx_word' id='word_1_120' title='bbox 237 1755 307 1820; x_wconf 88' lang='lat' dir='ltr'><strong>sine</strong></span> <span class='ocrx_word' id='word_1_121' title='bbox 322 1755 427 1820; x_wconf 88' lang='lat' dir='ltr'><strong>edicto</strong></span> <span class='ocrx_word' id='word_1_122' title='bbox 442 1754 521 1820; x_wconf 87' lang='lat' dir='ltr'><strong>satis</strong></span> <span class='ocrx_word' id='word_1_123' title='bbox 534 1753 700 1820; x_wconf 90' lang='lat' dir='ltr'><strong>commode</strong></span> <span class='ocrx_word' id='word_1_124' title='bbox 714 1752 854 1839; x_wconf 78' lang='lat' dir='ltr'><strong>transigi</strong></span> <span class='ocrx_word' id='word_1_125' title='bbox 873 1774 940 1819; x_wconf 93' lang='lat' dir='ltr'><strong>non</strong></span> <span class='ocrx_word' id='word_1_126' title='bbox 956 1756 1072 1839; x_wconf 91' lang='lat' dir='ltr'><strong>potest,</strong></span> <span class='ocrx_word' id='word_1_127' title='bbox 1089 1754 1129 1819; x_wconf 94' lang='lat' dir='ltr'><strong>de</strong></span> <span class='ocrx_word' id='word_1_128' title='bbox 1143 1753 1360 1820; x_wconf 88' lang='lat' dir='ltr'><strong>hereditatum</strong></span> <span class='ocrx_word' id='word_1_129' title='bbox 1374 1775 1448 1840; x_wconf 90' lang='lat' dir='ltr'><strong>pos·</strong></span> 
     </span>
     <span class='ocr_line' id='line_1_14' title="bbox 237 1856 1448 1944; baseline -0.002 -19"><span class='ocrx_word' id='word_1_130' title='bbox 237 1857 440 1933; x_wconf 84' lang='lat' dir='ltr'><strong>sessionibus,</strong></span> <span class='ocrx_word' id='word_1_131' title='bbox 461 1859 501 1924; x_wconf 93' lang='lat' dir='ltr'><strong>de</strong></span> <span class='ocrx_word' id='word_1_132' title='bbox 526 1856 620 1924; x_wconf 88' lang='lat' dir='ltr'><strong>bonis</strong></span> <span class='ocrx_word' id='word_1_133' title='bbox 644 1856 847 1943; x_wconf 85' lang='lat' dir='ltr'><strong>possidendis</strong></span> <span class='ocrx_word' id='word_1_134' title='bbox 875 1856 1063 1936; x_wconf 84' lang='lat' dir='ltr'><strong>vendendis,</strong></span> <span class='ocrx_word' id='word_1_135' title='bbox 1090 1856 1257 1944; x_wconf 82' lang='lat' dir='ltr'><strong>magistris</strong></span> <span class='ocrx_word' id='word_1_136' title='bbox 1281 1856 1448 1933; x_wconf 85' lang='lat' dir='ltr'><strong>faciendis,</strong></span> 
     </span>
     <span class='ocr_line' id='line_1_15' title="bbox 237 1959 1449 2047; baseline -0.002 -20"><span class='ocrx_word' id='word_1_137' title='bbox 237 1983 320 2047; x_wconf 87' lang='lat' dir='ltr'><strong>quae</strong></span> <span class='ocrx_word' id='word_1_138' title='bbox 334 1984 376 2026; x_wconf 82' lang='lat' dir='ltr'><strong>ex</strong></span> <span class='ocrx_word' id='word_1_139' title='bbox 390 1961 495 2027; x_wconf 88' lang='lat' dir='ltr'><strong>edicto</strong></span> <span class='ocrx_word' id='word_1_140' title='bbox 509 1965 543 2026; x_wconf 92' lang='lat' dir='ltr'><strong>et</strong></span> <span class='ocrx_word' id='word_1_141' title='bbox 556 1960 714 2047; x_wconf 87' lang='lat' dir='ltr'><strong>postulari</strong></span> <span class='ocrx_word' id='word_1_142' title='bbox 736 1964 769 2025; x_wconf 93' lang='lat' dir='ltr'><strong>et</strong></span> <span class='ocrx_word' id='word_1_143' title='bbox 794 1959 865 2026; x_wconf 89' lang='lat' dir='ltr'><strong>fieri</strong></span> <span class='ocrx_word' id='word_1_144' title='bbox 888 1960 1003 2039; x_wconf 86' lang='lat' dir='ltr'><strong>solent,</strong></span> <span class='ocrx_word' id='word_1_145' title='bbox 1028 1959 1163 2026; x_wconf 90' lang='lat' dir='ltr'><strong>tertium</strong></span> <span class='ocrx_word' id='word_1_146' title='bbox 1182 1960 1223 2025; x_wconf 88' lang='lat' dir='ltr'><strong>de</strong></span> <span class='ocrx_word' id='word_1_147' title='bbox 1239 1959 1364 2046; x_wconf 89' lang='lat' dir='ltr'><strong>reliquo</strong></span> <span class='ocrx_word' id='word_1_148' title='bbox 1378 1960 1449 2025; x_wconf 90' lang='lat' dir='ltr'><strong>iure</strong></span> 
     </span>
     <span class='ocr_line' id='line_1_16' title="bbox 237 2062 1449 2151; baseline -0.001 -21"><span class='ocrx_word' id='word_1_149' title='bbox 237 2064 378 2130; x_wconf 91' lang='lat' dir='ltr'><strong>dicundo</strong></span> <span class='ocrx_word' id='word_1_150' title='bbox 393 2064 542 2150; x_wconf 78' lang='grc' dir='ltr'>ἄγραφον</span> <span class='ocrx_word' id='word_1_151' title='bbox 563 2063 692 2151; x_wconf 85' lang='lat' dir='ltr'><strong>reliqui.</strong></span> <span class='ocrx_word' id='word_1_152' title='bbox 737 2062 819 2129; x_wconf 85' lang='lat' dir='ltr'><strong>Dixi</strong></span> <span class='ocrx_word' id='word_1_153' title='bbox 838 2085 890 2130; x_wconf 88' lang='lat' dir='ltr'><strong>me</strong></span> <span class='ocrx_word' id='word_1_154' title='bbox 910 2063 952 2129; x_wconf 93' lang='lat' dir='ltr'><strong>de</strong></span> <span class='ocrx_word' id='word_1_155' title='bbox 973 2084 1011 2129; x_wconf 90' lang='lat' dir='ltr'><strong>eo</strong></span> <span class='ocrx_word' id='word_1_156' title='bbox 1031 2084 1149 2150; x_wconf 83' lang='lat' dir='ltr'><strong>genere</strong></span> <span class='ocrx_word' id='word_1_157' title='bbox 1171 2085 1244 2129; x_wconf 82' lang='lat' dir='ltr'><strong>meo</strong></span> <span class='ocrx_word' id='word_1_158' title='bbox 1263 2065 1391 2130; x_wconf 87' lang='lat' dir='ltr'><strong>decreta</strong></span> <span class='ocrx_word' id='word_1_159' title='bbox 1404 2065 1449 2129; x_wconf 91' lang='lat' dir='ltr'><strong>ad</strong></span> 
     </span>
     <span class='ocr_line' id='line_1_17' title="bbox 237 2164 1448 2252; baseline -0.001 -20"><span class='ocrx_word' id='word_1_160' title='bbox 237 2167 342 2232; x_wconf 89' lang='lat' dir='ltr'><strong>edicta</strong></span> <span class='ocrx_word' id='word_1_161' title='bbox 356 2164 482 2233; x_wconf 90' lang='lat' dir='ltr'><strong>urbana</strong></span> <span class='ocrx_word' id='word_1_162' title='bbox 502 2167 829 2247; x_wconf 90' lang='lat' dir='ltr'><strong>accommodaturum,</strong></span> <span class='ocrx_word' id='word_1_163' title='bbox 850 2167 962 2252; x_wconf 88' lang='lat' dir='ltr'><strong>itaque</strong></span> <span class='ocrx_word' id='word_1_164' title='bbox 983 2189 1059 2233; x_wconf 90' lang='lat' dir='ltr'><strong>curo</strong></span> <span class='ocrx_word' id='word_1_165' title='bbox 1081 2171 1114 2232; x_wconf 91' lang='lat' dir='ltr'><strong>et</strong></span> <span class='ocrx_word' id='word_1_166' title='bbox 1137 2166 1216 2231; x_wconf 85' lang='lat' dir='ltr'><strong>satis</strong></span> <span class='ocrx_word' id='word_1_167' title='bbox 1237 2165 1321 2232; x_wconf 86' lang='lat' dir='ltr'><strong>facio</strong></span> <span class='ocrx_word' id='word_1_168' title='bbox 1341 2165 1448 2233; x_wconf 88' lang='lat' dir='ltr'><strong>adhuc</strong></span> 
     </span>
     <span class='ocr_line' id='line_1_18' title="bbox 237 2268 1447 2357; baseline 0.002 -22"><span class='ocrx_word' id='word_1_169' title='bbox 237 2268 397 2335; x_wconf 87' lang='lat' dir='ltr'><strong>omnibus.</strong></span> <span class='ocrx_word' id='word_1_170' title='bbox 443 2268 559 2336; x_wconf 79' lang='lat' dir='ltr'><strong>Graeci</strong></span> <span class='ocrx_word' id='word_1_171' title='bbox 572 2291 649 2337; x_wconf 83' lang='lat' dir='ltr'><strong>vcro</strong></span> <span class='ocrx_word' id='word_1_172' title='bbox 669 2271 844 2350; x_wconf 87' lang='lat' dir='ltr'><strong>exsultant,</strong></span> <span class='ocrx_word' id='word_1_173' title='bbox 867 2272 956 2357; x_wconf 86' lang='lat' dir='ltr'><strong>qnod</strong></span> <span class='ocrx_word' id='word_1_174' title='bbox 977 2269 1159 2357; x_wconf 87' lang='lat' dir='ltr'><strong>peregrinis</strong></span> <span class='ocrx_word' id='word_1_175' title='bbox 1172 2268 1333 2336; x_wconf 87' lang='lat' dir='ltr'><strong>iudicibus</strong></span> <span class='ocrx_word' id='word_1_176' title='bbox 1348 2275 1447 2337; x_wconf 90' lang='lat' dir='ltr'><strong>utun·</strong></span> 
     </span>
     <span class='ocr_line' id='line_1_19' title="bbox 237 2371 1448 2461; baseline 0.002 -23"><span class='ocrx_word' id='word_1_177' title='bbox 237 2378 301 2438; x_wconf 88' lang='lat' dir='ltr'><strong>tur.</strong></span> <span class='ocrx_word' id='word_1_178' title='bbox 346 2371 573 2460; x_wconf 88' lang='lat' dir='ltr'><strong>Nugatoribus</strong></span> <span class='ocrx_word' id='word_1_179' title='bbox 602 2373 744 2460; x_wconf 90' lang='lat' dir='ltr'><strong>quidem,</strong></span> <span class='ocrx_word' id='word_1_180' title='bbox 773 2374 912 2461; x_wconf 87' lang='lat' dir='ltr'><strong>inquies.</strong></span> <span class='ocrx_word' id='word_1_181' title='bbox 967 2373 1057 2446; x_wconf 79' lang='lat' dir='ltr'><strong>Quid</strong></span> <span class='ocrx_word' id='word_1_182' title='bbox 1086 2374 1214 2440; x_wconf 76' lang='lat' dir='ltr'><strong>refert?</strong></span> <span class='ocrx_word' id='word_1_183' title='bbox 1258 2372 1384 2439; x_wconf 75' lang='lat' dir='ltr'><strong>Tamen</strong></span> <span class='ocrx_word' id='word_1_184' title='bbox 1412 2395 1448 2440; x_wconf 91' lang='lat' dir='ltr'><strong>se</strong></span> 
     </span>
     <span class='ocr_line' id='line_1_20' title="bbox 236 2475 1447 2563; baseline 0.001 -22"><span class='ocrx_word' id='word_1_185' title='bbox 236 2476 429 2560; x_wconf 76' lang='grc' dir='ltr'>αὐτονομίαν</span> <span class='ocrx_word' id='word_1_186' title='bbox 455 2477 588 2562; x_wconf 90' lang='lat' dir='ltr'><strong>adeptos</strong></span> <span class='ocrx_word' id='word_1_187' title='bbox 612 2481 742 2562; x_wconf 87' lang='lat' dir='ltr'><strong>putant.</strong></span> <span class='ocrx_word' id='word_1_188' title='bbox 786 2475 899 2545; x_wconf 82' lang='lat' dir='ltr'><strong>Vestri</strong></span> <span class='ocrx_word' id='word_1_189' title='bbox 922 2477 1021 2556; x_wconf 91' lang='lat' dir='ltr'><strong>enim,</strong></span> <span class='ocrx_word' id='word_1_190' title='bbox 1047 2477 1152 2557; x_wconf 89' lang='lat' dir='ltr'><strong>credo,</strong></span> <span class='ocrx_word' id='word_1_191' title='bbox 1176 2499 1291 2563; x_wconf 85' lang='lat' dir='ltr'><strong>graves</strong></span> <span class='ocrx_word' id='word_1_192' title='bbox 1313 2476 1447 2556; x_wconf 85' lang='lat' dir='ltr'><strong>habent,</strong></span> 
     </span>
    </p>
   </div>
   <div class='ocr_carea' id='block_1_3' title="bbox 236 2577 1449 2979">
    <p class='ocr_par' dir='ltr' id='par_1_3' title="bbox 236 2577 1449 2979">
     <span class='ocr_line' id='line_1_21' title="bbox 237 2577 1449 2668; baseline 0.003 -24"><span class='ocrx_word' id='word_1_193' title='bbox 237 2577 436 2664; x_wconf 85' lang='lat' dir='ltr'><strong>Turpionem</strong></span> <span class='ocrx_word' id='word_1_194' title='bbox 457 2580 617 2646; x_wconf 87' lang='lat' dir='ltr'><strong>sutorium</strong></span> <span class='ocrx_word' id='word_1_195' title='bbox 638 2585 672 2647; x_wconf 90' lang='lat' dir='ltr'><strong>et</strong></span> <span class='ocrx_word' id='word_1_196' title='bbox 695 2580 846 2648; x_wconf 87' lang='lat' dir='ltr'><strong>Vettium</strong></span> <span class='ocrx_word' id='word_1_197' title='bbox 871 2581 1064 2667; x_wconf 87' lang='lat' dir='ltr'><strong>mancipem.</strong></span> <span class='ocrx_word' id='word_1_198' title='bbox 1110 2582 1163 2646; x_wconf 91' lang='grc'><strong>16.</strong></span> <span class='ocrx_word' id='word_1_199' title='bbox 1186 2580 1239 2647; x_wconf 88' lang='lat' dir='ltr'><strong>De</strong></span> <span class='ocrx_word' id='word_1_200' title='bbox 1265 2579 1449 2668; x_wconf 84' lang='lat' dir='ltr'><strong>publicanis</strong></span> 
     </span>
     <span class='ocr_line' id='line_1_22' title="bbox 237 2682 1449 2771; baseline 0.005 -25"><span class='ocrx_word' id='word_1_201' title='bbox 237 2682 318 2768; x_wconf 91' lang='lat' dir='ltr'><strong>quid</strong></span> <span class='ocrx_word' id='word_1_202' title='bbox 337 2703 434 2768; x_wconf 86' lang='lat' dir='ltr'><strong>agam</strong></span> <span class='ocrx_word' id='word_1_203' title='bbox 453 2683 573 2750; x_wconf 81' lang='lat' dir='ltr'><strong>videris</strong></span> <span class='ocrx_word' id='word_1_204' title='bbox 593 2707 754 2770; x_wconf 89' lang='lat' dir='ltr'><strong>quaerere.</strong></span> <span class='ocrx_word' id='word_1_205' title='bbox 800 2684 918 2752; x_wconf 87' lang='lat' dir='ltr'><strong>Habeo</strong></span> <span class='ocrx_word' id='word_1_206' title='bbox 937 2685 974 2751; x_wconf 92' lang='lat' dir='ltr'><strong>in</strong></span> <span class='ocrx_word' id='word_1_207' title='bbox 992 2684 1126 2765; x_wconf 90' lang='lat' dir='ltr'><strong>deliciis,</strong></span> <span class='ocrx_word' id='word_1_208' title='bbox 1152 2683 1319 2771; x_wconf 89' lang='lat' dir='ltr'><strong>obsequor,</strong></span> <span class='ocrx_word' id='word_1_209' title='bbox 1341 2684 1449 2752; x_wconf 84' lang='lat' dir='ltr'><strong>verbis</strong></span> 
     </span>
     <span class='ocr_line' id='line_1_23' title="bbox 236 2786 1448 2873; baseline 0.005 -23"><span class='ocrx_word' id='word_1_210' title='bbox 236 2786 344 2865; x_wconf 89' lang='lat' dir='ltr'><strong>laudo,</strong></span> <span class='ocrx_word' id='word_1_211' title='bbox 360 2807 460 2851; x_wconf 91' lang='lat' dir='ltr'><strong>orno:</strong></span> <span class='ocrx_word' id='word_1_212' title='bbox 484 2787 585 2853; x_wconf 89' lang='lat' dir='ltr'><strong>efficio</strong></span> <span class='ocrx_word' id='word_1_213' title='bbox 599 2809 641 2853; x_wconf 92' lang='lat' dir='ltr'><strong>ne</strong></span> <span class='ocrx_word' id='word_1_214' title='bbox 656 2788 708 2854; x_wconf 91' lang='lat' dir='ltr'><strong>cui</strong></span> <span class='ocrx_word' id='word_1_215' title='bbox 721 2789 851 2855; x_wconf 87' lang='lat' dir='ltr'><strong>molesti</strong></span> <span class='ocrx_word' id='word_1_216' title='bbox 865 2788 941 2855; x_wconf 83' lang='lat' dir='ltr'><strong>sint.</strong></span> <span class='ocrx_word' id='word_1_217' title='bbox 987 2791 1033 2856; x_wconf 85' lang='grc' dir='ltr'><strong>Τὸ</strong></span> <span class='ocrx_word' id='word_1_218' title='bbox 1048 2787 1319 2873; x_wconf 75' lang='grc' dir='ltr'>παραδοξότατον,</span> <span class='ocrx_word' id='word_1_219' title='bbox 1333 2811 1448 2855; x_wconf 86' lang='lat' dir='ltr'><strong>usuras</strong></span> 
     </span>
     <span class='ocr_line' id='line_1_24' title="bbox 236 2889 1443 2979; baseline 0.002 -24"><span class='ocrx_word' id='word_1_220' title='bbox 236 2910 359 2969; x_wconf 88' lang='lat' dir='ltr'><strong>eorum,</strong></span> <span class='ocrx_word' id='word_1_221' title='bbox 388 2911 469 2974; x_wconf 89' lang='lat' dir='ltr'><strong>quas</strong></span> <span class='ocrx_word' id='word_1_222' title='bbox 497 2889 701 2975; x_wconf 80' lang='lat' dir='ltr'><strong>portionibus</strong></span> <span class='ocrx_word' id='word_1_223' title='bbox 730 2892 953 2979; x_wconf 88' lang='lat' dir='ltr'><strong>ascripserant,</strong></span> <span class='ocrx_word' id='word_1_224' title='bbox 983 2892 1124 2958; x_wconf 81' lang='lat' dir='ltr'><strong>servavit</strong></span> <span class='ocrx_word' id='word_1_225' title='bbox 1152 2892 1252 2959; x_wconf 88' lang='lat' dir='ltr'><strong>etiam</strong></span> <span class='ocrx_word' id='word_1_226' title='bbox 1277 2891 1443 2959; x_wconf 75' lang='lat' dir='ltr'><strong>Servilius.</strong></span> 
     </span>
    </p>
   </div>
   <div class='ocr_carea' id='block_1_4' title="bbox 238 3090 1448 4584">
    <p class='ocr_par' dir='ltr' id='par_1_4' title="bbox 238 3090 1448 4194">
     <span class='ocr_line' id='line_1_25' title="bbox 273 3090 1447 3158; baseline 0.005 -19"><span class='ocrx_word' id='word_1_227' title='bbox 273 3091 313 3139; x_wconf 81' lang='lat'><strong>15.</strong></span> <span class='ocrx_word' id='word_1_228' title='bbox 329 3090 412 3140; x_wconf 71' lang='lat' dir='ltr'><strong>silit.</strong></span> <span class='ocrx_word' id='word_1_229' title='bbox 425 3126 431 3139; x_wconf 96' lang='lat'><strong>.</strong></span> <span class='ocrx_word' id='word_1_230' title='bbox 444 3127 450 3139; x_wconf 96' lang='lat'>.</span> <span class='ocrx_word' id='word_1_231' title='bbox 463 3092 582 3158; x_wconf 74' lang='lat' dir='ltr'><strong>nostrum]</strong></span> <span class='ocrx_word' id='word_1_232' title='bbox 601 3096 710 3143; x_wconf 82' lang='lat' dir='ltr'><strong>‘nonew</strong></span> <span class='ocrx_word' id='word_1_233' title='bbox 719 3093 818 3144; x_wconf 83' lang='lat' dir='ltr'><strong>feature</strong></span> <span class='ocrx_word' id='word_1_234' title='bbox 873 3110 951 3158; x_wconf 69' lang='lat' dir='ltr'><strong>sugas</strong></span> <span class='ocrx_word' id='word_1_235' title='bbox 966 3096 1092 3156; x_wconf 66' lang='lat' dir='ltr'><strong>maximas,</strong></span> <span class='ocrx_word' id='word_1_236' title='bbox 1108 3093 1141 3151; x_wconf 79' lang='lat' dir='ltr'><strong>Q.</strong></span> <span class='ocrx_word' id='word_1_237' title='bbox 1154 3094 1198 3143; x_wconf 86' lang='lat' dir='ltr'><strong>Fr.</strong></span> <span class='ocrx_word' id='word_1_238' title='bbox 1210 3093 1229 3144; x_wconf 89' lang='lat' dir='ltr'><strong>i.</strong></span> <span class='ocrx_word' id='word_1_239' title='bbox 1242 3097 1266 3154; x_wconf 85' lang='lat'><strong>2,</strong></span> <span class='ocrx_word' id='word_1_240' title='bbox 1279 3099 1304 3156; x_wconf 80' lang='lat'><strong>4,</strong></span> <span class='ocrx_word' id='word_1_241' title='bbox 1317 3093 1365 3158; x_wconf 84' lang='lat' dir='ltr'><strong>Ep.</strong></span> <span class='ocrx_word' id='word_1_242' title='bbox 1379 3094 1418 3145; x_wconf 87' lang='lat' dir='ltr'><strong>lm</strong></span> <span class='ocrx_word' id='word_1_243' title='bbox 1437 3134 1447 3154; x_wconf 88' lang='lat'><strong>,</strong></span> 
     </span>
     <span class='ocr_line' id='line_1_26' title="bbox 238 3154 1446 3224; baseline 0.004 -19"><span class='ocrx_word' id='word_1_244' title='bbox 238 3160 327 3219; x_wconf 83' lang='lat' dir='ltr'><strong>except</strong></span> <span class='ocrx_word' id='word_1_245' title='bbox 345 3154 400 3204; x_wconf 84' lang='lat' dir='ltr'><strong>that</strong></span> <span class='ocrx_word' id='word_1_246' title='bbox 418 3155 518 3218; x_wconf 84' lang='lat' dir='ltr'><strong>proviso</strong></span> <span class='ocrx_word' id='word_1_247' title='bbox 541 3156 569 3206; x_wconf 84' lang='lat' dir='ltr'><strong>of</strong></span> <span class='ocrx_word' id='word_1_248' title='bbox 585 3157 669 3207; x_wconf 73' lang='lat' dir='ltr'><strong>which</strong></span> <span class='ocrx_word' id='word_1_249' title='bbox 691 3174 742 3222; x_wconf 88' lang='lat' dir='ltr'><strong>you</strong></span> <span class='ocrx_word' id='word_1_250' title='bbox 763 3159 818 3209; x_wconf 79' lang='lat' dir='ltr'><strong>said</strong></span> <span class='ocrx_word' id='word_1_251' title='bbox 873 3176 993 3223; x_wconf 70' lang='lat' dir='ltr'><strong>nugarum</strong></span> <span class='ocrx_word' id='word_1_252' title='bbox 1014 3161 1117 3222; x_wconf 76' lang='lat' dir='ltr'><strong>aliquid,</strong></span> <span class='ocrx_word' id='word_1_253' title='bbox 1145 3164 1228 3209; x_wconf 84' lang='lat' dir='ltr'><strong>‘some</strong></span> <span class='ocrx_word' id='word_1_254' title='bbox 1248 3159 1366 3224; x_wconf 88' lang='lat' dir='ltr'><strong>nobody‚&#39;</strong></span> <span class='ocrx_word' id='word_1_255' title='bbox 1388 3160 1446 3210; x_wconf 71' lang='lat' dir='ltr'><strong>stt.</strong></span> 
     </span>
     <span class='ocr_line' id='line_1_27' title="bbox 238 3219 1445 3287; baseline 0.002 -17"><span class='ocrx_word' id='word_1_256' title='bbox 238 3220 341 3285; x_wconf 88' lang='lat' dir='ltr'><strong>inyour</strong></span> <span class='ocrx_word' id='word_1_257' title='bbox 352 3219 425 3269; x_wconf 84' lang='lat' dir='ltr'><strong>letter</strong></span> <span class='ocrx_word' id='word_1_258' title='bbox 435 3219 491 3270; x_wconf 83' lang='lat' dir='ltr'><strong>that</strong></span> <span class='ocrx_word' id='word_1_259' title='bbox 501 3223 522 3271; x_wconf 91' lang='lat' dir='ltr'><strong>it</strong></span> <span class='ocrx_word' id='word_1_260' title='bbox 532 3238 585 3272; x_wconf 79' lang='lat' dir='ltr'><strong>was</strong></span> <span class='ocrx_word' id='word_1_261' title='bbox 600 3238 615 3271; x_wconf 88' lang='lat' dir='ltr'><strong>a</strong></span> <span class='ocrx_word' id='word_1_262' title='bbox 629 3238 714 3272; x_wconf 81' lang='lat' dir='ltr'><strong>severe</strong></span> <span class='ocrx_word' id='word_1_263' title='bbox 728 3224 815 3274; x_wconf 85' lang='lat' dir='ltr'><strong>reflec-</strong></span> <span class='ocrx_word' id='word_1_264' title='bbox 873 3224 909 3274; x_wconf 80' lang='lat' dir='ltr'><strong>vi.</strong></span> <span class='ocrx_word' id='word_1_265' title='bbox 933 3227 957 3285; x_wconf 85' lang='grc'><strong>3,</strong></span> <span class='ocrx_word' id='word_1_266' title='bbox 978 3228 1002 3285; x_wconf 85' lang='lat'><strong>2,</strong></span> <span class='ocrx_word' id='word_1_267' title='bbox 1022 3224 1071 3287; x_wconf 87' lang='lat' dir='ltr'><strong>Ep.</strong></span> <span class='ocrx_word' id='word_1_268' title='bbox 1095 3223 1204 3284; x_wconf 84' lang='lat' dir='ltr'><strong>cclxiv.;</strong></span> <span class='ocrx_word' id='word_1_269' title='bbox 1228 3239 1347 3287; x_wconf 66' lang='lat' dir='ltr'><strong>sugas-m</strong></span> <span class='ocrx_word' id='word_1_270' title='bbox 1368 3225 1445 3286; x_wconf 62' lang='lat' dir='ltr'><strong>nitu,</strong></span> 
     </span>
     <span class='ocr_line' id='line_1_28' title="bbox 238 3285 1443 3354; baseline 0.004 -19"><span class='ocrx_word' id='word_1_271' title='bbox 238 3285 293 3335; x_wconf 87' lang='lat' dir='ltr'><strong>tion</strong></span> <span class='ocrx_word' id='word_1_272' title='bbox 312 3300 345 3334; x_wconf 91' lang='lat' dir='ltr'><strong>on</strong></span> <span class='ocrx_word' id='word_1_273' title='bbox 363 3299 409 3333; x_wconf 87' lang='lat' dir='ltr'><strong>our</strong></span> <span class='ocrx_word' id='word_1_274' title='bbox 431 3285 511 3347; x_wconf 85' lang='lat' dir='ltr'><strong>order,</strong></span> <span class='ocrx_word' id='word_1_275' title='bbox 537 3289 581 3336; x_wconf 84' lang='lat' dir='ltr'><strong>the</strong></span> <span class='ocrx_word' id='word_1_276' title='bbox 598 3287 721 3352; x_wconf 66' lang='lat' dir='ltr'><strong>knights!</strong></span> <span class='ocrx_word' id='word_1_277' title='bbox 762 3288 817 3339; x_wconf 87' lang='lat' dir='ltr'><strong>The</strong></span> <span class='ocrx_word' id='word_1_278' title='bbox 876 3288 997 3354; x_wconf 79' lang='lat' dir='ltr'><strong>‘nothing</strong></span> <span class='ocrx_word' id='word_1_279' title='bbox 1016 3289 1073 3339; x_wconf 87' lang='lat' dir='ltr'><strong>that</strong></span> <span class='ocrx_word' id='word_1_280' title='bbox 1097 3288 1139 3338; x_wconf 89' lang='lat' dir='ltr'><strong>did</strong></span> <span class='ocrx_word' id='word_1_281' title='bbox 1155 3294 1200 3339; x_wconf 90' lang='lat' dir='ltr'><strong>not</strong></span> <span class='ocrx_word' id='word_1_282' title='bbox 1221 3304 1295 3339; x_wconf 88' lang='lat' dir='ltr'><strong>mean</strong></span> <span class='ocrx_word' id='word_1_283' title='bbox 1311 3288 1443 3351; x_wconf 85' lang='lat' dir='ltr'><strong>business,’</strong></span> 
     </span>
     <span class='ocr_line' id='line_1_29' title="bbox 238 3351 985 3415; baseline 0.008 -17"><span class='ocrx_word' id='word_1_284' title='bbox 238 3351 343 3411; x_wconf 78' lang='lat' dir='ltr'><strong>exceptio</strong></span> <span class='ocrx_word' id='word_1_285' title='bbox 364 3364 415 3399; x_wconf 78' lang='lat' dir='ltr'><strong>was</strong></span> <span class='ocrx_word' id='word_1_286' title='bbox 433 3356 503 3398; x_wconf 71' lang='lat' dir='ltr'><strong>astra</strong></span> <span class='ocrx_word' id='word_1_287' title='bbox 521 3368 592 3413; x_wconf 81' lang='lat' dir='ltr'><strong>quam</strong></span> <span class='ocrx_word' id='word_1_288' title='bbox 614 3356 637 3400; x_wconf 78' lang='lat' dir='ltr'><strong>ai</strong></span> <span class='ocrx_word' id='word_1_289' title='bbox 654 3355 715 3415; x_wconf 81' lang='lat' dir='ltr'><strong>quid</strong></span> <span class='ocrx_word' id='word_1_290' title='bbox 731 3356 756 3402; x_wconf 80' lang='lat' dir='ltr'><strong>cs&#39;</strong></span> <span class='ocrx_word' id='word_1_291' title='bbox 772 3359 817 3402; x_wconf 80' lang='lat' dir='ltr'><strong>aut</strong></span> <span class='ocrx_word' id='word_1_292' title='bbox 873 3353 931 3403; x_wconf 90' lang='lat' dir='ltr'><strong>Mil.</strong></span> <span class='ocrx_word' id='word_1_293' title='bbox 945 3356 985 3404; x_wconf 77' lang='lat' dir='ltr'><strong>db.</strong></span> 
     </span>
     <span class='ocr_line' id='line_1_30' title="bbox 239 3415 1444 3484; baseline 0.002 -21"><span class='ocrx_word' id='word_1_294' title='bbox 239 3416 291 3463; x_wconf 84' lang='lat' dir='ltr'><strong>dolo</strong></span> <span class='ocrx_word' id='word_1_295' title='bbox 308 3415 371 3462; x_wconf 68' lang='lat' dir='ltr'><strong>analo</strong></span> <span class='ocrx_word' id='word_1_296' title='bbox 387 3422 479 3475; x_wconf 66' lang='lat' dir='ltr'><strong>aestum</strong></span> <span class='ocrx_word' id='word_1_297' title='bbox 507 3421 563 3465; x_wconf 78' lang='lat' dir='ltr'><strong>erit.</strong></span> <span class='ocrx_word' id='word_1_298' title='bbox 598 3416 700 3466; x_wconf 84' lang='lat' dir='ltr'><strong>Instead</strong></span> <span class='ocrx_word' id='word_1_299' title='bbox 719 3417 748 3466; x_wconf 85' lang='lat' dir='ltr'><strong>of</strong></span> <span class='ocrx_word' id='word_1_300' title='bbox 764 3417 817 3467; x_wconf 88' lang='lat' dir='ltr'><strong>this</strong></span> <span class='ocrx_word' id='word_1_301' title='bbox 899 3418 986 3484; x_wconf 76' lang='lat' dir='ltr'><strong>vestri]</strong></span> <span class='ocrx_word' id='word_1_302' title='bbox 1005 3417 1129 3483; x_wconf 78' lang='lat' dir='ltr'><strong>Probably</strong></span> <span class='ocrx_word' id='word_1_303' title='bbox 1143 3416 1444 3483; x_wconf 71' lang='lat' dir='ltr'><strong>‘youandycurschocl‘</strong></span> 
     </span>
     <span class='ocr_line' id='line_1_31' title="bbox 239 3478 1448 3549; baseline 0.003 -21"><span class='ocrx_word' id='word_1_304' title='bbox 239 3478 326 3529; x_wconf 81' lang='lat' dir='ltr'><strong>Cicero</strong></span> <span class='ocrx_word' id='word_1_305' title='bbox 347 3478 476 3529; x_wconf 88' lang='lat' dir='ltr'><strong>embodied</strong></span> <span class='ocrx_word' id='word_1_306' title='bbox 501 3479 529 3530; x_wconf 90' lang='lat' dir='ltr'><strong>in</strong></span> <span class='ocrx_word' id='word_1_307' title='bbox 556 3480 596 3530; x_wconf 89' lang='lat' dir='ltr'><strong>his</strong></span> <span class='ocrx_word' id='word_1_308' title='bbox 620 3480 687 3530; x_wconf 84' lang='lat' dir='ltr'><strong>edict</strong></span> <span class='ocrx_word' id='word_1_309' title='bbox 712 3481 818 3532; x_wconf 84' lang='lat' dir='ltr'><strong>another</strong></span> <span class='ocrx_word' id='word_1_310' title='bbox 873 3481 1084 3546; x_wconf 86' lang='lat' dir='ltr'><strong>tthpicureans,</strong></span> <span class='ocrx_word' id='word_1_311' title='bbox 1097 3482 1236 3546; x_wconf 88' lang='lat' dir='ltr'><strong>orpcrhaps</strong></span> <span class='ocrx_word' id='word_1_312' title='bbox 1249 3488 1316 3549; x_wconf 86' lang='lat' dir='ltr'><strong>‘you</strong></span> <span class='ocrx_word' id='word_1_313' title='bbox 1327 3483 1448 3548; x_wconf 85' lang='lat' dir='ltr'><strong>andyonr</strong></span> 
     </span>
     <span class='ocr_line' id='line_1_32' title="bbox 239 3545 1446 3671; baseline 0.003 -13"><span class='ocrx_word' id='word_1_314' title='bbox 239 3545 350 3671; x_wconf 54' lang='lat' dir='ltr'><strong>ortt}</strong></span> <span class='ocrx_word' id='word_1_315' title='bbox 371 3546 423 3670; x_wconf 67' lang='lat' dir='ltr'><strong>{ll</strong></span> <span class='ocrx_word' id='word_1_316' title='bbox 446 3545 520 3659; x_wconf 67' lang='lat' dir='ltr'><strong>‘tlt</strong></span> <span class='ocrx_word' id='word_1_317' title='bbox 527 3545 648 3660; x_wconf 65' lang='lat' dir='ltr'><strong>sich</strong></span> <span class='ocrx_word' id='word_1_318' title='bbox 673 3547 818 3661; x_wconf 64' lang='lat' dir='ltr'><strong>hlulll</strong></span> <span class='ocrx_word' id='word_1_319' title='bbox 872 3546 1446 3663; x_wconf 49' lang='lat' dir='ltr'><strong>ffilhhhplhhdlffhldhllffil</strong></span> 
     </span>
     <span class='ocr_line' id='line_1_33' title="bbox 239 3627 1443 3791; baseline 0.007 -71"><span class='ocrx_word' id='word_1_320' title='bbox 239 3671 345 3747; x_wconf 77' lang='lat' dir='ltr'><strong>binding</strong></span> <span class='ocrx_word' id='word_1_321' title='bbox 370 3643 454 3747; x_wconf 72' lang='lat' dir='ltr'><strong>upldss</strong></span> <span class='ocrx_word' id='word_1_322' title='bbox 485 3674 629 3739; x_wconf 82' lang='lat' dir='ltr'><strong>containing</strong></span> <span class='ocrx_word' id='word_1_323' title='bbox 661 3691 727 3725; x_wconf 90' lang='lat' dir='ltr'><strong>some</strong></span> <span class='ocrx_word' id='word_1_324' title='bbox 756 3691 815 3739; x_wconf 89' lang='lat' dir='ltr'><strong>pro·</strong></span> <span class='ocrx_word' id='word_1_325' title='bbox 872 3627 973 3727; x_wconf 53' lang='lat' dir='ltr'><strong>idlutins</strong></span> <span class='ocrx_word' id='word_1_326' title='bbox 988 3678 1032 3728; x_wconf 89' lang='lat' dir='ltr'><strong>the</strong></span> <span class='ocrx_word' id='word_1_327' title='bbox 1045 3628 1155 3727; x_wconf 40' lang='grc' dir='ltr'><strong>ξῆν)</strong></span> <span class='ocrx_word' id='word_1_328' title='bbox 1190 3648 1443 3791; x_wconf 55' lang='lat' dir='ltr'><strong>Suchistheeiga·</strong></span> 
     </span>
     <span class='ocr_line' id='line_1_34' title="bbox 240 3736 1446 3805; baseline 0.005 -20"><span class='ocrx_word' id='word_1_329' title='bbox 240 3751 322 3786; x_wconf 82' lang='lat' dir='ltr'><strong>vrsrcn</strong></span> <span class='ocrx_word' id='word_1_330' title='bbox 352 3736 436 3786; x_wconf 78' lang='lat' dir='ltr'><strong>which</strong></span> <span class='ocrx_word' id='word_1_331' title='bbox 465 3745 555 3789; x_wconf 87' lang='lat' dir='ltr'><strong>cannot</strong></span> <span class='ocrx_word' id='word_1_332' title='bbox 584 3739 616 3789; x_wconf 88' lang='lat' dir='ltr'><strong>be</strong></span> <span class='ocrx_word' id='word_1_333' title='bbox 643 3739 814 3790; x_wconf 65' lang='lat' dir='ltr'><strong>maintained!</strong></span> <span class='ocrx_word' id='word_1_334' title='bbox 872 3741 959 3792; x_wconf 89' lang='lat' dir='ltr'><strong>nation</strong></span> <span class='ocrx_word' id='word_1_335' title='bbox 969 3742 998 3791; x_wconf 82' lang='lat' dir='ltr'><strong>of</strong></span> <span class='ocrx_word' id='word_1_336' title='bbox 1008 3742 1072 3792; x_wconf 91' lang='lat' dir='ltr'><strong>Boot</strong></span> <span class='ocrx_word' id='word_1_337' title='bbox 1086 3741 1135 3791; x_wconf 87' lang='lat' dir='ltr'><strong>and</strong></span> <span class='ocrx_word' id='word_1_338' title='bbox 1149 3741 1239 3792; x_wconf 79' lang='lat' dir='ltr'><strong>others</strong></span> <span class='ocrx_word' id='word_1_339' title='bbox 1274 3741 1325 3791; x_wconf 86' lang='lat' dir='ltr'><strong>But</strong></span> <span class='ocrx_word' id='word_1_340' title='bbox 1339 3757 1383 3805; x_wconf 90' lang='lat' dir='ltr'><strong>pcr</strong></span> <span class='ocrx_word' id='word_1_341' title='bbox 1415 3758 1446 3805; x_wconf 87' lang='lat' dir='ltr'><strong>ps</strong></span> 
     </span>
     <span class='ocr_line' id='line_1_35' title="bbox 241 3800 1447 3875; baseline 0.004 -24"><span class='ocrx_word' id='word_1_342' title='bbox 241 3801 291 3851; x_wconf 86' lang='lat' dir='ltr'><strong>For</strong></span> <span class='ocrx_word' id='word_1_343' title='bbox 312 3802 376 3875; x_wconf 65' lang='lat' dir='ltr'><strong>stari</strong></span> <span class='ocrx_word' id='word_1_344' title='bbox 392 3816 432 3851; x_wconf 91' lang='lat' dir='ltr'><strong>sce</strong></span> <span class='ocrx_word' id='word_1_345' title='bbox 454 3800 465 3863; x_wconf 72' lang='lat' dir='ltr'><strong>l</strong></span> <span class='ocrx_word' id='word_1_346' title='bbox 489 3806 514 3857; x_wconf 83' lang='lat'><strong>7.</strong></span> <span class='ocrx_word' id='word_1_347' title='bbox 553 3802 601 3853; x_wconf 82' lang='lat' dir='ltr'><strong>We</strong></span> <span class='ocrx_word' id='word_1_348' title='bbox 622 3803 687 3854; x_wconf 78' lang='lat' dir='ltr'><strong>hare</strong></span> <span class='ocrx_word' id='word_1_349' title='bbox 706 3804 764 3855; x_wconf 85' lang='lat' dir='ltr'><strong>here</strong></span> <span class='ocrx_word' id='word_1_350' title='bbox 783 3821 816 3854; x_wconf 84' lang='lat' dir='ltr'><strong>an</strong></span> <span class='ocrx_word' id='word_1_351' title='bbox 872 3809 946 3855; x_wconf 78' lang='lat' dir='ltr'><strong>vestri</strong></span> <span class='ocrx_word' id='word_1_352' title='bbox 961 3806 1020 3857; x_wconf 89' lang='lat' dir='ltr'><strong>hera</strong></span> <span class='ocrx_word' id='word_1_353' title='bbox 1038 3805 1117 3856; x_wconf 84' lang='lat' dir='ltr'><strong>refers</strong></span> <span class='ocrx_word' id='word_1_354' title='bbox 1131 3811 1158 3856; x_wconf 87' lang='lat' dir='ltr'><strong>to</strong></span> <span class='ocrx_word' id='word_1_355' title='bbox 1173 3805 1374 3867; x_wconf 83' lang='lat' dir='ltr'><strong>thcAthenians,</strong></span> <span class='ocrx_word' id='word_1_356' title='bbox 1386 3806 1447 3856; x_wconf 81' lang='lat' dir='ltr'><strong>who</strong></span> 
     </span>
     <span class='ocr_line' id='line_1_36' title="bbox 240 3865 1445 3932; baseline 0.006 -18"><span class='ocrx_word' id='word_1_357' title='bbox 240 3865 393 3929; x_wconf 81' lang='lat' dir='ltr'><strong>undesrgned</strong></span> <span class='ocrx_word' id='word_1_358' title='bbox 401 3867 541 3917; x_wconf 82' lang='lat' dir='ltr'><strong>confession</strong></span> <span class='ocrx_word' id='word_1_359' title='bbox 550 3883 584 3918; x_wconf 93' lang='lat' dir='ltr'><strong>cn</strong></span> <span class='ocrx_word' id='word_1_360' title='bbox 594 3868 637 3918; x_wconf 86' lang='lat' dir='ltr'><strong>the</strong></span> <span class='ocrx_word' id='word_1_361' title='bbox 647 3874 703 3932; x_wconf 85' lang='lat' dir='ltr'><strong>part</strong></span> <span class='ocrx_word' id='word_1_362' title='bbox 713 3869 816 3920; x_wconf 75' lang='lat' dir='ltr'><strong>orhtti·</strong></span> <span class='ocrx_word' id='word_1_363' title='bbox 872 3884 914 3920; x_wconf 88' lang='lat' dir='ltr'><strong>are</strong></span> <span class='ocrx_word' id='word_1_364' title='bbox 932 3870 1004 3921; x_wconf 78' lang='lat' dir='ltr'><strong>otton</strong></span> <span class='ocrx_word' id='word_1_365' title='bbox 1022 3871 1100 3921; x_wconf 76' lang='lat' dir='ltr'><strong>called</strong></span> <span class='ocrx_word' id='word_1_366' title='bbox 1122 3871 1165 3921; x_wconf 84' lang='lat' dir='ltr'><strong>the</strong></span> <span class='ocrx_word' id='word_1_367' title='bbox 1185 3870 1389 3921; x_wconf 79' lang='lat' dir='ltr'><strong>follow-citizens</strong></span> <span class='ocrx_word' id='word_1_368' title='bbox 1416 3871 1445 3921; x_wconf 74' lang='lat' dir='ltr'><strong>cf</strong></span> 
     </span>
     <span class='ocr_line' id='line_1_37' title="bbox 239 3929 1446 3997; baseline 0.003 -16"><span class='ocrx_word' id='word_1_369' title='bbox 239 3947 283 3981; x_wconf 86' lang='lat' dir='ltr'><strong>cus</strong></span> <span class='ocrx_word' id='word_1_370' title='bbox 295 3929 323 3979; x_wconf 88' lang='lat' dir='ltr'><strong>of</strong></span> <span class='ocrx_word' id='word_1_371' title='bbox 337 3931 443 3980; x_wconf 83' lang='lat' dir='ltr'><strong>therecl</strong></span> <span class='ocrx_word' id='word_1_372' title='bbox 457 3932 582 3983; x_wconf 77' lang='lat' dir='ltr'><strong>chamcter</strong></span> <span class='ocrx_word' id='word_1_373' title='bbox 592 3934 620 3983; x_wconf 80' lang='lat' dir='ltr'><strong>oi</strong></span> <span class='ocrx_word' id='word_1_374' title='bbox 634 3934 677 3983; x_wconf 85' lang='lat' dir='ltr'><strong>the</strong></span> <span class='ocrx_word' id='word_1_375' title='bbox 687 3933 816 3997; x_wconf 85' lang='lat' dir='ltr'><strong>publicani</strong></span> <span class='ocrx_word' id='word_1_376' title='bbox 871 3934 980 3986; x_wconf 83' lang='lat' dir='ltr'><strong>Atticus.</strong></span> <span class='ocrx_word' id='word_1_377' title='bbox 1014 3934 1150 3997; x_wconf 77' lang='lat' dir='ltr'><strong>Thcnperc</strong></span> <span class='ocrx_word' id='word_1_378' title='bbox 1185 3938 1230 3984; x_wconf 74' lang='lat' dir='ltr'><strong>&#39;sir</strong></span> <span class='ocrx_word' id='word_1_379' title='bbox 1244 3935 1446 3986; x_wconf 82' lang='lat' dir='ltr'><strong>wooldscsmtc</strong></span> 
     </span>
     <span class='ocr_line' id='line_1_38' title="bbox 239 3994 1445 4064; baseline 0.006 -20"><span class='ocrx_word' id='word_1_380' title='bbox 239 3994 321 4045; x_wconf 86' lang='lat' dir='ltr'><strong>inthc</strong></span> <span class='ocrx_word' id='word_1_381' title='bbox 331 3995 469 4057; x_wconf 77' lang='lat' dir='ltr'><strong>provinces.</strong></span> <span class='ocrx_word' id='word_1_382' title='bbox 502 3998 562 4062; x_wconf 73' lang='lat' dir='ltr'><strong>Any</strong></span> <span class='ocrx_word' id='word_1_383' title='bbox 571 3998 679 4049; x_wconf 85' lang='lat' dir='ltr'><strong>allusion</strong></span> <span class='ocrx_word' id='word_1_384' title='bbox 693 4002 771 4049; x_wconf 75' lang='lat' dir='ltr'><strong>tocie</strong></span> <span class='ocrx_word' id='word_1_385' title='bbox 787 4015 816 4050; x_wconf 88' lang='lat' dir='ltr'><strong>or</strong></span> <span class='ocrx_word' id='word_1_386' title='bbox 871 4015 943 4051; x_wconf 86' lang='lat' dir='ltr'><strong>mean</strong></span> <span class='ocrx_word' id='word_1_387' title='bbox 963 3999 1127 4064; x_wconf 81' lang='lat' dir='ltr'><strong>‘foreigncrs&#39;</strong></span> <span class='ocrx_word' id='word_1_388' title='bbox 1156 4005 1183 4050; x_wconf 87' lang='lat' dir='ltr'><strong>to</strong></span> <span class='ocrx_word' id='word_1_389' title='bbox 1198 4000 1242 4050; x_wconf 93' lang='lat' dir='ltr'><strong>the</strong></span> <span class='ocrx_word' id='word_1_390' title='bbox 1258 4000 1371 4064; x_wconf 84' lang='lat' dir='ltr'><strong>Greeks),</strong></span> <span class='ocrx_word' id='word_1_391' title='bbox 1388 4000 1445 4051; x_wconf 84' lang='lat' dir='ltr'><strong>thet</strong></span> 
     </span>
     <span class='ocr_line' id='line_1_39' title="bbox 239 4060 1446 4126; baseline 0.007 -19"><span class='ocrx_word' id='word_1_392' title='bbox 239 4062 307 4108; x_wconf 72' lang='lat' dir='ltr'><strong>aolus</strong></span> <span class='ocrx_word' id='word_1_393' title='bbox 317 4060 815 4126; x_wconf 76' lang='lat' dir='ltr'><strong>maluswcoldberegardcdesarcdec·</strong></span> <span class='ocrx_word' id='word_1_394' title='bbox 870 4063 900 4125; x_wconf 86' lang='lat' dir='ltr'><strong>is,</strong></span> <span class='ocrx_word' id='word_1_395' title='bbox 916 4064 1061 4115; x_wconf 71' lang='lat' dir='ltr'><strong>‘Romans’</strong></span> <span class='ocrx_word' id='word_1_396' title='bbox 1096 4062 1182 4115; x_wconf 78' lang='lat' dir='ltr'><strong>Cicero</strong></span> <span class='ocrx_word' id='word_1_397' title='bbox 1192 4064 1276 4115; x_wconf 79' lang='lat' dir='ltr'><strong>would</strong></span> <span class='ocrx_word' id='word_1_398' title='bbox 1291 4080 1358 4115; x_wconf 86' lang='lat' dir='ltr'><strong>seem</strong></span> <span class='ocrx_word' id='word_1_399' title='bbox 1371 4070 1399 4115; x_wconf 84' lang='lat' dir='ltr'><strong>to</strong></span> <span class='ocrx_word' id='word_1_400' title='bbox 1413 4066 1446 4115; x_wconf 88' lang='lat' dir='ltr'><strong>be</strong></span> 
     </span>
     <span class='ocr_line' id='line_1_40' title="bbox 238 4123 1442 4194; baseline 0.004 -19"><span class='ocrx_word' id='word_1_401' title='bbox 238 4125 295 4175; x_wconf 82' lang='lat' dir='ltr'><strong>tion</strong></span> <span class='ocrx_word' id='word_1_402' title='bbox 305 4139 338 4174; x_wconf 93' lang='lat' dir='ltr'><strong>on</strong></span> <span class='ocrx_word' id='word_1_403' title='bbox 349 4123 392 4173; x_wconf 84' lang='lat' dir='ltr'><strong>the</strong></span> <span class='ocrx_word' id='word_1_404' title='bbox 403 4126 513 4188; x_wconf 79' lang='lat' dir='ltr'><strong>Equites.</strong></span> <span class='ocrx_word' id='word_1_405' title='bbox 871 4130 986 4194; x_wconf 82' lang='lat' dir='ltr'><strong>snsering</strong></span> <span class='ocrx_word' id='word_1_406' title='bbox 996 4129 1077 4180; x_wconf 83' lang='lat' dir='ltr'><strong>attho</strong></span> <span class='ocrx_word' id='word_1_407' title='bbox 1088 4128 1180 4179; x_wconf 82' lang='lat' dir='ltr'><strong>Greeks</strong></span> <span class='ocrx_word' id='word_1_408' title='bbox 1191 4129 1232 4179; x_wconf 83' lang='lat' dir='ltr'><strong>for</strong></span> <span class='ocrx_word' id='word_1_409' title='bbox 1247 4129 1375 4194; x_wconf 83' lang='lat' dir='ltr'><strong>makiuga</strong></span> <span class='ocrx_word' id='word_1_410' title='bbox 1402 4145 1442 4180; x_wconf 81' lang='lat' dir='ltr'><strong>re-</strong></span> 
     </span>
    </p>

    <p class='ocr_par' dir='ltr' id='par_1_5' title="bbox 270 4145 1446 4266">
     <span class='ocr_line' id='line_1_41' title="bbox 270 4145 1446 4266; baseline 0.004 -26"><span class='ocrx_word' id='word_1_411' title='bbox 270 4192 301 4240; x_wconf 73' lang='lat'><strong>1³.</strong></span> <span class='ocrx_word' id='word_1_412' title='bbox 314 4189 554 4266; x_wconf 61' lang='grc' dir='ltr'><strong>1.]ιΡννιρνμεν.</strong></span> <span class='ocrx_word' id='word_1_413' title='bbox 869 4199 997 4257; x_wconf 86' lang='lat' dir='ltr'><strong>posterous</strong></span> <span class='ocrx_word' id='word_1_414' title='bbox 1023 4209 1067 4244; x_wconf 89' lang='lat' dir='ltr'><strong>use</strong></span> <span class='ocrx_word' id='word_1_415' title='bbox 1092 4193 1121 4243; x_wconf 80' lang='lat' dir='ltr'><strong>ot</strong></span> <span class='ocrx_word' id='word_1_416' title='bbox 1141 4194 1208 4245; x_wconf 86' lang='lat' dir='ltr'><strong>their</strong></span> <span class='ocrx_word' id='word_1_417' title='bbox 1231 4195 1334 4245; x_wconf 82' lang='lat' dir='ltr'><strong>covetcd</strong></span> <span class='ocrx_word' id='word_1_418' title='bbox 1361 4145 1446 4245; x_wconf 70' lang='lat' dir='ltr'><strong>nime</strong></span> 
     </span>
    </p>

    <p class='ocr_par' dir='ltr' id='par_1_6' title="bbox 241 4253 1447 4584">
     <span class='ocr_line' id='line_1_42' title="bbox 271 4253 1446 4324; baseline 0.004 -19"><span class='ocrx_word' id='word_1_419' title='bbox 271 4253 402 4320; x_wconf 67' lang='lat' dir='ltr'><strong>lantpero]</strong></span> <span class='ocrx_word' id='word_1_420' title='bbox 428 4255 572 4315; x_wconf 77' lang='lat' dir='ltr'><strong>‘dividon&#39;3</strong></span> <span class='ocrx_word' id='word_1_421' title='bbox 585 4257 811 4321; x_wconf 60' lang='lat' dir='ltr'><strong>decoqueretur,</strong></span> <span class='ocrx_word' id='word_1_422' title='bbox 870 4258 944 4321; x_wconf 80' lang='lat' dir='ltr'><strong>Rule,</strong></span> <span class='ocrx_word' id='word_1_423' title='bbox 973 4258 1002 4309; x_wconf 89' lang='lat' dir='ltr'><strong>in</strong></span> <span class='ocrx_word' id='word_1_424' title='bbox 1026 4258 1134 4323; x_wconf 82' lang='lat' dir='ltr'><strong>clecting</strong></span> <span class='ocrx_word' id='word_1_425' title='bbox 1160 4264 1187 4309; x_wconf 86' lang='lat' dir='ltr'><strong>to</strong></span> <span class='ocrx_word' id='word_1_426' title='bbox 1209 4259 1252 4310; x_wconf 87' lang='lat' dir='ltr'><strong>the</strong></span> <span class='ocrx_word' id='word_1_427' title='bbox 1276 4257 1446 4324; x_wconf 75' lang='lat' dir='ltr'><strong>magistracics</strong></span> 
     </span>
     <span class='ocr_line' id='line_1_43' title="bbox 241 4318 1443 4389; baseline 0.004 -20"><span class='ocrx_word' id='word_1_428' title='bbox 241 4318 503 4370; x_wconf 79' lang='lat' dir='ltr'><strong>‘undertwoheads’</strong></span> <span class='ocrx_word' id='word_1_429' title='bbox 869 4323 986 4385; x_wconf 82' lang='lat' dir='ltr'><strong>Romans,</strong></span> <span class='ocrx_word' id='word_1_430' title='bbox 999 4322 1443 4389; x_wconf 80' lang='lat' dir='ltr'><strong>andRomansofaverylowtypc.</strong></span> 
     </span>
     <span class='ocr_line' id='line_1_44' title="bbox 269 4384 1442 4453; baseline 0.006 -21"><span class='ocrx_word' id='word_1_431' title='bbox 269 4387 396 4446; x_wconf 59' lang='lat' dir='ltr'><strong>magistris</strong></span> <span class='ocrx_word' id='word_1_432' title='bbox 444 4384 646 4436; x_wconf 64' lang='lat' dir='ltr'><strong>‘salesmastera&#39;</strong></span> <span class='ocrx_word' id='word_1_433' title='bbox 904 4391 944 4439; x_wconf 83' lang='lat'><strong>16.</strong></span> <span class='ocrx_word' id='word_1_434' title='bbox 962 4388 1104 4453; x_wconf 73' lang='lat' dir='ltr'><strong>indelicis&#39;s]</strong></span> <span class='ocrx_word' id='word_1_435' title='bbox 1128 4388 1241 4439; x_wconf 82' lang='lat' dir='ltr'><strong>‘Imake</strong></span> <span class='ocrx_word' id='word_1_436' title='bbox 1283 4388 1442 4439; x_wconf 68' lang='lat' dir='ltr'><strong>sornam!</strong></span> 
     </span>
     <span class='ocr_line' id='line_1_45' title="bbox 266 4451 1447 4520; baseline 0.008 -23"><span class='ocrx_word' id='word_1_437' title='bbox 266 4451 404 4512; x_wconf 68' lang='lat' dir='ltr'><strong>peregrinis</strong></span> <span class='ocrx_word' id='word_1_438' title='bbox 428 4470 449 4492; x_wconf 93' lang='lat'>=</span> <span class='ocrx_word' id='word_1_439' title='bbox 462 4451 572 4501; x_wconf 69' lang='lat' dir='ltr'><strong>orum.</strong></span> <span class='ocrx_word' id='word_1_440' title='bbox 902 4453 1032 4520; x_wconf 60' lang='lat' dir='ltr'><strong>Smilla]</strong></span> <span class='ocrx_word' id='word_1_441' title='bbox 1073 4453 1207 4516; x_wconf 61' lang='lat' dir='ltr'><strong>haricus,</strong></span> <span class='ocrx_word' id='word_1_442' title='bbox 1229 4470 1253 4504; x_wconf 84' lang='lat' dir='ltr'>w</span> <span class='ocrx_word' id='word_1_443' title='bbox 1271 4470 1287 4505; x_wconf 90' lang='lat' dir='ltr'><strong>o</strong></span> <span class='ocrx_word' id='word_1_444' title='bbox 1305 4455 1447 4519; x_wconf 78' lang='lat' dir='ltr'><strong>conqucrcd</strong></span> 
     </span>
     <span class='ocr_line' id='line_1_46' title="bbox 268 4513 1102 4584; baseline 0.004 -20"><span class='ocrx_word' id='word_1_445' title='bbox 268 4513 438 4580; x_wconf 60' lang='lat' dir='ltr'><strong>nugatoribus]</strong></span> <span class='ocrx_word' id='word_1_446' title='bbox 483 4519 567 4567; x_wconf 85' lang='lat' dir='ltr'><strong>‘mere</strong></span> <span class='ocrx_word' id='word_1_447' title='bbox 593 4514 741 4567; x_wconf 87' lang='lat' dir='ltr'><strong>nobcdies&#39;:</strong></span> <span class='ocrx_word' id='word_1_448' title='bbox 771 4531 811 4580; x_wconf 87' lang='lat' dir='ltr'><strong>cp.</strong></span> <span class='ocrx_word' id='word_1_449' title='bbox 869 4515 966 4580; x_wconf 78' lang='lat' dir='ltr'><strong>Cilicia,</strong></span> <span class='ocrx_word' id='word_1_450' title='bbox 980 4521 1027 4572; x_wconf 83' lang='grc'><strong>678</strong></span> <span class='ocrx_word' id='word_1_451' title='bbox 1039 4518 1102 4584; x_wconf 70' lang='lat' dir='ltr'><strong>(lc).</strong></span> 
     </span>
    </p>
   </div>
   <div class='ocr_carea' id='block_1_5' title="bbox 0 0 1580 5109">
    <p class='ocr_par' dir='ltr' id='par_1_7' title="bbox 0 0 1580 5109">
     <span class='ocr_line' id='line_1_47' title="bbox 0 0 1580 5109; baseline 0 0"><span class='ocrx_word' id='word_1_452' title='bbox 0 0 1580 5109; x_wconf 95' lang='lat' dir='ltr'><strong> </strong></span> 
     </span>
    </p>
   </div>
  </div>
 </body>
</html>
