3150 5109
222 409 287 475 154
573 407 718 474 OOXLI
723 408 760 475 1⁷.
787 406 911 492 (ΕΔΜ.
935 406 1009 472 ΙΙΙ.
1035 408 1081 489 7).

221 582 306 649 nihil
318 604 424 670 neque
439 583 480 649 ad
494 581 649 649 honorem
670 602 775 666 neque
796 579 840 645 ad
859 579 997 666 gloriam
1015 579 1246 666 anquirendum
1264 583 1425 668 putarem,

221 686 415 774 superiorem
439 687 570 773 quidem
595 706 785 772 numquam,
812 684 869 749 sed
889 705 1001 771 parem
1024 682 1116 749 vobis
1136 706 1189 750 me
1211 684 1337 771 speravi
1357 706 1426 750 esse

221 792 355 857 laetum.
392 790 464 857 Neo
484 790 665 857 mehereule
686 789 781 855 aliter
794 786 864 853 vidi
878 787 1061 853 existimare
1075 787 1128 853 vel
1143 787 1203 854 Cn.
1219 788 1425 875 Pompeium,

221 917 319 981 quem
334 892 493 975 omnibus,
509 893 566 980 qui
580 915 735 979 umquam
751 891 895 972 fuerunt,
909 890 963 957 vel
977 890 1016 957 P.
1027 890 1217 973 Lentulum,
1233 913 1330 979 quem
1344 890 1427 957 mihi

219 998 284 1086 ipsi
298 1003 468 1083 antepono.
514 996 566 1062 Tu
580 997 608 1062 si
622 996 717 1062 aliter
731 995 906 1075 existimas,
921 994 1005 1060 nihil
1026 994 1156 1076 errabis,
1176 996 1204 1061 si
1224 995 1335 1082 paullo
1351 995 1427 1061 dili·

217 1101 360 1188 gentius,
378 1104 417 1167 ut
431 1100 511 1186 quid
525 1100 568 1166 sit
583 1100 730 1186 εὐγένεια,
751 1098 831 1186 quid
850 1099 892 1164 sit
911 1097 1064 1164 nobilitas
1082 1098 1263 1187 intellegas,
1279 1097 1427 1164 Atheno-

220 1207 318 1272 dorus
340 1204 501 1271 Sandonis
520 1203 608 1270 fllius
627 1203 707 1289 quid
726 1204 767 1269 de
784 1200 836 1268 his
854 1200 949 1268 rebus
971 1201 1058 1268 dieat
1076 1203 1261 1268 attenderis.
1307 1203 1338 1266 6.
1361 1201 1428 1267 Sed

219 1313 258 1376 ut
276 1309 319 1375 ad
333 1330 402 1374 rem
416 1309 556 1388 redeam,
571 1329 624 1373 me
638 1306 700 1373 tibi
718 1327 785 1371 non
807 1306 948 1372 amioum
969 1306 1075 1385 modo,
1091 1328 1204 1371 verum
1226 1305 1326 1372 etiam
1346 1303 1427 1370 ami-

217 1411 383 1479 oissimum
397 1411 560 1478 existimes
579 1409 687 1476 velim
732 1408 882 1476 Profeote
898 1407 1047 1475 omnibus
1061 1408 1172 1475 offioiis
1186 1409 1267 1475 meis
1281 1409 1427 1489 effioiam,

218 1522 257 1582 ut
278 1516 327 1582 ita
348 1539 416 1582 esse
437 1537 512 1582 vere
533 1516 634 1602 possis
654 1514 807 1580 iudiears.
852 1511 906 1578 Tu
925 1517 1036 1579 autem
1056 1513 1084 1577 si
1102 1512 1138 1579 id
1157 1512 1238 1598 agis,
1261 1517 1300 1578 ut
1318 1512 1429 1578 minus

218 1642 293 1686 mea
310 1642 417 1700 eausa,
439 1620 518 1685 dum
535 1641 596 1707 ego
617 1617 731 1698 absim,
746 1615 862 1683 debere
876 1616 1024 1697 videaris,
1042 1638 1140 1701 quam
1154 1638 1215 1703 ego
1229 1618 1288 1681 tua
1301 1614 1427 1682 labora-

221 1724 296 1805 rim,
310 1722 412 1790 libem
426 1723 646 1789 teistaeura:

766 1875 843 1962 πόρ’
859 1878 927 1962 ἐμοί
941 1904 978 1963 γε
993 1882 1042 1943 καὶ
1058 1875 1166 1953 ἄλλοι,

440 1983 471 2049 οῗ
487 1985 518 2049 κέ
531 2008 568 2067 με
582 1985 756 2063 τιμήσουσι,
771 1977 909 2063 μάλιστα
924 1977 956 2046 δὲ
971 1982 1095 2062 μητίετα
1110 1977 1196 2057 Ζεύς.

222 2159 260 2227 si
275 2163 384 2226 autem
405 2165 523 2227 natura
543 2182 577 2226 ea
600 2159 769 2247 φιλαίτιος,
794 2160 877 2226 illud
900 2181 966 2225 non
991 2159 1144 2246 perficies,
1162 2182 1226 2245 quo
1245 2159 1354 2225 minus
1371 2163 1430 2225 tua

223 2286 319 2330 eausa
333 2263 431 2330 velim
445 2286 453 2329 ε
476 2263 535 2329 hoe
550 2264 733 2350 adsequere,
753 2268 792 2329 ut
812 2286 909 2350 quam
924 2264 960 2330 in
975 2268 1103 2350 partem
1117 2269 1156 2329 tu
1170 2263 1306 2350 aeeipias
1320 2263 1429 2328 minus

222 2366 375 2434 laborem.
419 2366 513 2434 Haeo
528 2368 571 2433 ad
584 2371 618 2433 te
632 2366 743 2453 scripsi
757 2366 900 2448 liberius,
918 2367 1021 2434 fretus
1040 2366 1234 2434 eonscientia
1255 2367 1351 2434 offieii
1364 2366 1430 2432 mei

223 2469 538 2556 benevolentiaeque,
563 2493 662 2557 quam
685 2493 705 2535 a
727 2493 780 2538 me
802 2475 888 2537 oerto
908 2471 1029 2538 iudieio
1049 2475 1239 2558 suseeptam,
1263 2470 1371 2558 quoad
1391 2473 1430 2535 tu

223 2574 321 2656 voles,
337 2572 538 2641 eonservabo.

225 2801 254 2836 as
271 2786 396 2848 ἐπιστήμη
423 2787 540 2849 ἶσότητος
565 2791 593 2838 ἐν
614 2791 734 2856 κοινωνίᾳ)
751 2788 802 2839 and
850 2789 895 2839 the
912 2788 1081 2839 disturbanoes
1102 2787 1130 2838 in
1148 2787 1192 2838 the
1209 2787 1262 2852 city
1279 2787 1376 2837 exeited
1393 2787 1429 2851 by

225 2853 424 2915 ιύσυναλλαξίοε
443 2868 482 2918 op.
500 2852 589 2915 Zeller,
604 2856 688 2916 Stoica,
701 2871 726 2919 p.
740 2858 798 2917 26⁰,
850 2856 973 2917 partisans
984 2853 1011 2903 oi
1021 2853 1153 2913 Antonius,
1162 2853 1209 2903 but
1219 2852 1262 2901 did
1272 2859 1317 2902 not
1327 2854 1429 2902 suceeed

223 2914 290 2980 Eng-
303 2916 390 2967 Trans.
851 2918 944 2969 tillthe
955 2918 1094 2968 overthrow
1106 2917 1134 2968 of
1146 2917 1190 2967 the
1204 2918 1286 2967 latter.
1321 2916 1362 2966 He
1373 2916 1430 2966 died

257 2982 317 3043 quid
326 2983 359 3030 rit
370 2981 489 3043 εὐγένεια,
502 2984 564 3044 quid
572 2985 605 3031 eit
616 2983 740 3097 ηοόἰῑίτοὲ]
755 2983 800 3035 i.e.
851 2990 878 3033 at
889 2982 988 3043 Tarsris,
1007 2983 1069 3047 aged
1081 2986 1121 3031 82.
1156 2982 1206 3032 For
1221 2982 1261 3032 his
1275 2981 1426 3046 philosophi·

223 3044 410 3095 thedifferenoe
426 3047 537 3096 between
553 3046 636 3097 them:
654 3064 693 3111 op.
735 3049 800 3112 urip.
851 3047 1121 3108 ealworkaseeniet.
1134 3046 1219 3110 Biogr.

224 3112 320 3172 Dictys,
334 3111 388 3174 frag
399 3114 436 3173 11,
452 3111 487 3162 εἷς
499 3111 521 3162 δ’
536 3113 661 3175 sopiretur
673 3113 738 3176 ὀλίγ’
750 3114 802 3175 ἔχιν
885 3116 910 3162 6.
928 3115 950 3161 si
965 3113 993 3161 id
1007 3115 1060 3176 apis
1073 3149 1098 3161 ..
1113 3150 1120 3161 .
1134 3110 1273 3187 tolerarim]
1310 3110 1348 3160 ‘if
1364 3125 1428 3175 your

225 3174 318 3239 φράσαι
335 3177 409 3227 καλά·
428 3178 441 3225 ὁ
460 3176 507 3235 μὲν
523 3178 572 3240 γὰρ
591 3179 680 3229 δοῦλος
699 3179 803 3241 εὐγενὴς
851 3177 902 3227 aim
912 3176 968 3227 isto
975 3177 1006 3226 be
1017 3177 1096 3227 under
1106 3178 1154 3227 less
1164 3176 1312 3241 obligations
1322 3183 1349 3225 to
1359 3191 1430 3227 servo

226 3239 304 3302 ἔμοιγ’
317 3240 385 3304 ἀνήρ,
399 3241 446 3290 ὁδ’
459 3242 599 3302 obtineres,
615 3244 662 3293 abr
675 3242 803 3303 ἀμείνονος
852 3258 896 3307 my
916 3242 1032 3291 interestis
1052 3241 1145 3291 thanI
1168 3242 1268 3292 exerted
1288 3240 1381 3305 myself
1401 3241 1429 3290 in

224 3306 317 3368 πατρὸς
345 3307 420 3366 Ζηνὸς
452 3305 558 3373 πεφύκῃ,
589 3309 712 3371 δοσγενὴο
740 3307 802 3358 εἶναι
852 3322 936 3372 yours,
950 3305 963 3355 I
976 3305 1340 3371 freeyoufromallauxiety!
1375 3305 1429 3356 The

226 3371 303 3419 δοκεῖ.
853 3371 985 3436 quotation
1000 3371 1023 3421 is
1038 3371 1082 3421 the
1097 3371 1167 3436 reply
1178 3371 1206 3421 oi
1216 3373 1387 3434 Agamemnon
1402 3378 1429 3421 to

259 3433 438 3548 ww
472 3434 581 3485 AStoie
595 3435 726 3499 professor,
739 3437 803 3486 bom
852 3436 970 3497 Achilles,
984 3435 1058 3499 Iliad,
1078 3436 1096 3485 i.
1114 3439 1170 3488 174.
1205 3435 1233 3485 Ii
1246 3436 1330 3485 (tieem
1345 3452 1429 3486 means

225 3502 252 3547 at
263 3496 337 3547 Kena
347 3515 407 3548 near
438 3515 516 3550 ersus.
551 3500 593 3551 He
609 3500 630 3551 is
649 3502 726 3551 oalled
744 3505 803 3551 ‘son
852 3515 902 3565 any
913 3500 1005 3563 special
1016 3516 1104 3565 person
1114 3501 1149 3567 by
1161 3500 1227 3563 Ζεύς,
1244 3500 1429 3566 itisprobebly

225 3561 253 3612 oi
281 3561 395 3625 Sandom'
428 3570 456 3615 to
482 3563 632 3630 distinguish
658 3566 711 3615 him
737 3565 803 3616 from
852 3564 993 3629 Pompeius.

225 3625 398 3678 Athenodorus
412 3628 541 3679 ofTarsus
566 3631 698 3680 sumamed
709 3630 802 3696 Gordy-
885 3629 1261 3694 quaminparumtuaeeipim]
1294 3629 1368 3681 ‘how
1378 3645 1429 3695 you

226 3690 287 3741 uon.
322 3693 448 3743 11ι11ιιι
464 3693 492 3743 ιι
510 3668 646 3745 cultivated
663 3696 757 3760 soeiety
775 3701 803 3746 ιι
851 3694 910 3745 aie
920 3694 959 3744 it!
993 3693 1044 3745 We
1060 3711 1107 3745 ιιι
1121 3696 1175 3746 uu
1190 3696 1218 3746 of
1232 3693 1431 3760 ιιιιιιιιιιιιι

226 3755 305 3807 Rome
319 3757 382 3822 (att.
401 3757 454 3807 xvi.
477 3762 566 3819 11,4;
589 3765 627 3820 14,
645 3762 680 3822 4),
693 3762 741 3810 aud
752 3776 804 3810 was
853 3758 1013 3822 inbadpart.

225 3820 803 3886 thetutorofAugustus,withwhombeaitar·
886 3824 1110 3890 benevolentiaeque]
1145 3823 1430 3886 ‘hindlinesswhiehas

227 3887 307 3935 warda
322 3886 372 3936 had
387 3887 463 3937 mueh
477 3888 609 3938 influenee.
644 3890 677 3939 In
691 3892 735 3943 721
751 3890 803 3954 (33)
853 3887 943 3939 Ihave
953 3889 1111 3953 deliberately
1120 3891 1224 3953 adopted
1235 3888 1362 3951 it,1shell
1372 3905 1430 3940 oon·

226 3949 259 4000 he
269 3952 385 4001 returned
395 3958 421 4003 to
432 3950 523 4004 Tarsus
532 3959 560 4004 to
569 3960 611 4020 try
621 3955 671 4005 and
681 3955 804 4006 moderate
852 3955 924 4005 tinus
933 3958 960 4005 to
970 3954 1039 4005 show
1049 3970 1077 4004 ae
1084 3955 1144 4020 long
1153 3971 1181 4005 as
1191 3971 1238 4018 you
1248 3954 1329 4006 vim!
