3150 5109
499 457 620 523 1111
630 458 687 524 VJ.
715 458 838 541 (1111.
863 457 943 525 XV.
966 459 1014 541 o).
1290 459 1356 525 215

303 841 488 912 CCLXVI.
533 842 653 911 CATO
677 843 735 912 ΤΟ
759 842 930 912 CICERO
955 844 1057 927 (Fau.
1081 867 1141 912 xv.
1166 849 1204 931 5).

366 1053 476 1112 soum
499 1053 532 1098 1.
548 1052 581 1098 1.
599 1053 626 1097 c.
644 1051 714 1112 τοις
738 1053 768 1097 e.
786 1054 814 1099 c.
831 1051 882 1113 503
906 1054 1116 1102 11111111.

200 1217 237 1268 M.
251 1217 313 1269 Ceto
322 1219 443 1270 rationem
452 1219 540 1281 reddit,
553 1234 629 1284 quem
639 1220 671 1270 ob
681 1235 733 1270 rem
744 1218 798 1283 ipse
808 1218 1012 1283 supplicationem
1023 1219 1137 1271 Ciceroni
1146 1237 1197 1272 non
1207 1220 1352 1283 demerent,

150 1299 272 1349 decretum
283 1299 382 1364 gaudet,
401 1315 427 1351 se
443 1305 526 1351 eutem
541 1299 627 1351 scribit
644 1299 846 1351 honorificentius
859 1300 890 1351 de
907 1299 1024 1352 Cicerone
1038 1301 1143 1353 sensisse
1155 1319 1231 1368 quem
1245 1318 1295 1365 eos,
1309 1302 1354 1369 qui

150 1380 315 1431 decrevissent
326 1380 537 1447 supplicationem.

450 1525 489 1580 M.
509 1525 602 1580 CATO
620 1525 647 1580 S.
666 1525 702 1579 D.
722 1525 762 1580 Μ.
782 1525 958 1582 CICERONI
976 1525 1053 1581 IMP.

219 1666 248 1729 1.
272 1662 369 1736 Quod
383 1669 416 1731 et
429 1687 479 1730 res
493 1664 622 1752 publice
641 1687 693 1731 me
715 1677 749 1731 et
762 1670 873 1732 nostra
887 1666 1031 1732 amicitia
1046 1665 1204 1747 hortatur,
1219 1664 1358 1732 libenter

151 1766 245 1849 feoio,
269 1772 307 1834 ut
329 1773 421 1835 tuam
446 1768 610 1850 virtutem,
636 1768 866 1851 innocentiam,
896 1768 1102 1857 diligentiam
1128 1769 1293 1856 cognitam
1321 1768 1358 1835 in

151 1872 301 1938 maximis
314 1873 410 1939 rebus
425 1873 512 1939 domi
523 1873 638 1961 togati,
654 1873 772 1939 armati
783 1856 948 1959 forishiari
961 1870 1128 1940 industriis
1137 1873 1358 1940 administrari

151 1977 322 2061 gaudeam.
365 1976 484 2063 Iteque
498 1979 585 2063 quod
599 2000 658 2065 pro
672 1977 875 2044 meoiudicio
891 1978 996 2044 iecere
1006 1977 1108 2064 potui,
1124 1983 1162 2043 ut
1173 1978 1358 2044 innocentia

150 2080 345 2167 consilioque
362 2085 419 2147 tuo
441 2081 608 2147 defensam
629 2081 839 2168 provinciam,
861 2085 1026 2147 servotum
1039 2079 1269 2147 Ariobaraenis
1283 2103 1357 2147 eum

151 2182 220 2270 ipso
234 2206 311 2272 rege
327 2206 475 2272 regnum,
498 2185 655 2252 sociorum
676 2189 858 2251 revocatum
879 2185 923 2251 ed
944 2186 1090 2252 studium
1111 2185 1240 2272 imperii
1254 2186 1356 2252 nostri

150 2287 353 2355 voluntatem
366 2288 527 2359 sententie
548 2311 621 2354 mea
634 2293 667 2355 et
683 2289 810 2355 decreto
824 2288 1002 2368 laudarem,
1015 2288 1088 2355 feei.
1133 2290 1165 2354 2.
1189 2287 1357 2375 Supplica-

149 2390 272 2458 tiouem
287 2392 457 2472 decretum,
480 2393 508 2458 si
528 2396 577 2473 tu,
601 2415 666 2478 qua
686 2392 723 2457 in
744 2414 779 2458 re
800 2390 885 2457 nihil
906 2391 1051 2472 fortuito,
1074 2393 1131 2458 sed
1152 2414 1278 2458 summe
1299 2400 1359 2458 tue

152 2495 276 2561 ratione
290 2500 323 2562 et
337 2496 538 2563 continentie
557 2495 605 2561 rei
626 2494 774 2582 publicae
795 2494 960 2581 provisum
978 2499 1036 2575 eet,
1057 2494 1107 2560 dis
1121 2495 1358 2562 immortalibus

151 2598 310 2684 gratulari
331 2620 390 2664 nos
410 2621 509 2685 quam
530 2597 592 2664 tibi
609 2598 730 2664 referre
752 2601 921 2683 occeptum
943 2597 1056 2679 mavis,
1077 2599 1214 2684 gaudeo.
1260 2597 1360 2671 Quod

151 2699 351 2786 citriumphi
370 2702 628 2788 praerogativam
650 2706 746 2788 putes
767 2700 1035 2788 supplicationem
1056 2701 1228 2768 etidcirco
1249 2725 1358 2768 oaeum

152 2805 261 2889 potius
288 2826 387 2891 quem
415 2809 449 2872 te
477 2805 605 2871 laudari
633 2804 746 2886 masis,
774 2826 881 2890 neque
916 2804 1184 2893 supplicationem
1214 2807 1359 2892 sequitur

185 2991 247 3042 Ceto
256 2991 306 3041 hed
315 2992 388 3042 voted
398 2990 496 3056 against
505 2991 549 3041 the
559 2990 730 3055 eppointment
775 2997 898 3054 poterant.

152 3055 180 3106 oi
201 3072 216 3107 e
236 3055 400 3132 supplication
421 3056 449 3105 in
470 3056 567 3107 honour
593 3057 622 3107 of
644 3056 730 3108 Cicero
807 3054 1027 3121 promcciudieio]
1062 3054 1305 3120 ‘conscientiously’

154 3120 235 3185 (Fem.
254 3120 309 3171 siri.
323 3125 362 3183 ll,
382 3125 405 3183 2,
425 3122 471 3185 Ep.
490 3120 610 3183 cclxvii),
623 3122 669 3171 but
679 3122 729 3172 hed
811 3127 858 3170 ut.
875 3158 881 3171 .
896 3157 903 3170 .
916 3119 1050 3186 laudarer]
1085 3121 1209 3185 ‘hemely
1221 3120 1354 3184 topreise.’

152 3186 346 3250 medeespeech
354 3186 381 3236 hi
399 3186 444 3251 hly
453 3185 654 3250 oomplimenting
665 3186 726 3235 him.
810 3184 955 3251 revocatam]
990 3185 1048 3235 ‘the
1069 3184 1152 3235 heerte
1174 3185 1202 3235 oi
1219 3185 1263 3236 the
1285 3185 1356 3237 ullies

152 3251 213 3301 This
223 3251 298 3301 letter
311 3252 356 3301 hes
402 3252 469 3301 eeir
484 3250 511 3300 of
527 3267 615 3314 every
633 3250 728 3301 oureiul
777 3249 843 3300 have
862 3250 925 3301 been
944 3265 999 3299 eon
1016 3249 1080 3300 bach
1098 3256 1124 3300 to
1144 3266 1159 3298 a
1180 3249 1290 3300 cheeriul
1311 3267 1354 3302 ec·

151 3317 201 3366 and
214 3315 305 3381 highly
315 3316 454 3366 eleborated
470 3315 640 3379 composition.
674 3315 728 3366 The
778 3314 1097 3380 quiescenoeinourrule’
1118 3314 1252 3379 (Wetson).

152 3380 212 3444 suff,
239 3381 412 3432 architecturel
438 3386 611 3446 arrangement
636 3380 664 3430 of
683 3380 728 3430 the
810 3382 927 3429 sententia
942 3396 994 3427 mea
1012 3384 1036 3427 et
1052 3378 1154 3445 1111111]
1191 3379 1234 3429 ‘in
1249 3379 1292 3430 the
1309 3396 1353 3430 ex·

151 3446 248 3509 periods
263 3446 285 3496 11
301 3452 328 3497 to
344 3448 375 3498 be
398 3447 513 3507 noticed3
538 3446 648 3507 observa,
675 3450 724 3507 too,
778 3445 888 3509 pression
902 3443 930 3494 ot
945 3460 988 3509 my
998 3443 1099 3507 opinion
1114 3447 1241 3495 endvote.
1275 3444 1356 3496 These

151 3510 208 3561 thet
218 3526 293 3575 every
305 3518 420 3563 sentence
430 3513 491 3562 ends
502 3511 564 3561 with
575 3527 591 3560 a
601 3511 670 3561 verb.
777 3525 820 3560 are
831 3508 976 3573 prectieelly
987 3524 1156 3574 synonymous
1167 3510 1247 3560 words
1258 3509 1324 3560 here.

187 3580 208 3625 l.
229 3575 313 3652 Quod]
341 3577 447 3626 Hortari
458 3575 573 3626 talesan
583 3592 634 3626 acc.
647 3574 728 3626 ofthe
810 3576 834 3624 2.
853 3573 1068 3640 Supplicatieaam]
1104 3573 1133 3624 ‘I
1156 3590 1197 3623 um
1217 3590 1280 3639 very
1298 3575 1355 3639 gled

151 3640 290 3704 thingiiit
305 3656 328 3691 rs
342 3657 359 3691 a
374 3648 462 3691 neuter
476 3656 589 3705 pronoen
599 3642 726 3691 orened·
776 3638 833 3689 thet
847 3654 864 3688 e
879 3638 1044 3702 supplication
1059 3654 1112 3689 was
1128 3640 1237 3700 decreed‚
1255 3639 1278 3689 it
1293 3656 1352 3703 you,

152 3704 253 3769 jectire.
778 3703 806 3753 in
833 3719 849 3754 e
875 3708 965 3753 matter
986 3703 1096 3754 wherein
1117 3703 1160 3752 the
1185 3703 1301 3754 interests
1328 3704 1356 3754 oi

186 3769 274 3835 119111]
307 3771 399 3835 Agrees
416 3769 480 3819 with
501 3772 538 3818 111
554 3770 685 3834 expressed
701 3768 729 3820 in
777 3768 822 3818 the
840 3772 904 3818 state
921 3783 986 3818 were
1005 3767 1156 3819 maintained
1176 3768 1284 3819 without
1304 3783 1356 3834 eny

153 3842 239 3884 tuam:
256 3835 371 3898 cp.Hor.
384 3834 467 3886 8111.
481 3840 505 3897 4,
519 3838 558 3897 23,
572 3850 624 3884 meo
638 3837 729 3897 empta
778 3832 897 3883 aidfrom
914 3831 1007 3882 chance
1025 3832 1105 3883 butb
1140 3848 1204 3897 your
1219 3849 1277 3883 own
1293 3850 1353 3883 con·

154 3901 267 3948 timentia.
777 3897 968 3948 summeteskill
976 3849 1197 3961 anduprightnees,
1210 3898 1356 3961 preferthet

180 3967 241 4025 pari
252 3966 375 4013 industria
385 3965 554 4013 1111111111
602 3963 727 4028 ι111111-
778 3978 817 4013 we
838 3961 927 4012 should
946 3962 1026 4012 thunk
1044 3963 1087 4012 the
1126 3964 1170 4013 ode
1187 3964 1271 4013 rether
1291 3963 1354 4013 than

152 4028 217 4080 tieed
234 4028 298 4079 with
313 4028 388 4093 equel
403 4028 534 4078 solicitude
602 4044 654 4094 you
669 4044 729 4079 ase
777 4025 857 4077 credit
874 4042 926 4090 you
945 4027 1008 4077 sith
1024 4026 1065 4077 it!
1134 4027 1172 4077 ith
1182 4031 1306 4089 pruvinum
1326 4028 1355 4078 in

152 4094 252 4157 general
263 4108 295 4144 on
306 4092 404 4158 foreign
414 4092 526 4145 servim’
583 4092 726 4157 heerpres·
777 4091 822 4142 the
836 4093 926 4141 second
939 4091 1021 4143 clause
1036 4092 1127 4156 supply
1138 4109 1204 4141 mnne
1219 4092 1294 4142 taken
1311 4098 1355 4144 out

152 4158 208 4209 sion
228 4160 398 4208 administrare
422 4161 537 4209 virtutem
559 4157 582 4208 is
608 4158 730 4223 certainly
778 4156 888 4206 1111111.

152 4223 269 4288 peculias.
316 4224 408 4286 Baiter,
436 4223 521 4284 Klotz,
553 4224 602 4273 aud
624 4223 729 4273 Watson
810 4219 1013 4287 pracroyatiocm]
1033 4224 1101 4271 ‘sure
1111 4219 1206 4283 tolsen,’
1222 4221 1353 4272 ‘eamest’:

152 4289 210 4339 read
220 4287 317 4352 egainst
327 4288 369 4339 the
385 4303 433 4338 uss
448 4290 626 4349 administrare,
642 4287 730 4352 taking
779 4301 819 4349 op.
841 4290 853 4335 1
873 4286 944 4336 Verr.
963 4289 1004 4348 26,
1024 4286 1075 4335 und
1089 4284 1224 4336 Wunder’s
1245 4292 1304 4337 note
1323 4304 1355 4336 on

152 4353 204 4403 this
225 4354 295 4404 word
314 4352 508 4418 intransitively,
533 4357 620 4416 ‘cemy
642 4367 676 4403 ou
696 4352 730 4402 ite
779 4349 865 4400 Pleno.
878 4353 919 4412 49,
931 4351 1023 4416 quoted
1033 4351 1068 4416 by
1079 4350 1188 4401 Holdeu.

154 4418 240 4479 worh’
259 4420 308 4468 and
323 4418 385 4485 they
399 4433 511 4481 compare
528 4417 588 4467 Sall.
606 4416 668 4483 Jug.
686 4420 726 4479 92,
811 4431 884 4478 eoque
911 4415 1121 4481 supplicationem]
1170 4414 1260 4465 Before
1286 4415 1357 4466 these

152 4485 334 4546 militemque
351 4499 399 4546 pro
420 4499 488 4545 opere
509 4485 636 4532 comittere
656 4496 730 4545 neque
779 4481 861 4530 words
880 4496 919 4531 we
940 4487 1008 4530 must
1028 4479 1102 4544 suppl
1141 4479 1264 4530 somethin
1304 4481 1356 4532 like

152 4550 217 4599 inter
242 4552 324 4599 cim
350 4550 402 4599 eine
424 4549 531 4612 periculo
558 4548 730 4597 adaaieistrare
780 4495 1227 4610 ι1111111111111111111111,19
1254 4497 1345 4597 lduren
