3150 5109
519 483 658 550 cosli.
684 484 801 569 (ATT.
825 485 885 553 VI.
908 490 952 568 1).
1274 484 1341 549 169

130 656 212 723 mihi
227 657 408 723 carissimus
422 661 480 737 est,
495 656 544 723 M.
560 656 731 724 Laenium.
777 657 821 724 Id
834 659 872 727 lit
886 682 960 727 cum
974 657 1125 746 plurimis
1142 656 1212 723 eius
1226 656 1338 725 officiis

129 764 201 827 tum
224 783 351 828 summa
378 760 539 846 probitate
569 765 602 827 et
626 761 785 849 singulari
813 764 980 830 modestia.
1025 762 1114 828 Eum
1144 782 1204 848 ego
1235 783 1255 827 a
1284 784 1340 828 me

129 865 341 932 invitissimus
363 864 483 944 dimisi,
506 886 581 931 cum
602 870 734 952 propter
758 865 1016 933 familiaritatem
1037 871 1070 932 et
1096 865 1340 932 consuetudinis

130 970 323 1036 smvitatem
336 973 409 1035 tum
425 969 514 1055 quod
533 968 666 1035 condlio
689 968 759 1035 eius
781 970 872 1036 fideli
893 994 931 1037 ac
949 970 1034 1038 bono
1048 969 1198 1037 lubenter
1212 969 1337 1036 utebar.

129 1075 161 1137 2.
184 1073 250 1140 Sed
269 1096 380 1140 vereor
399 1096 442 1140 ne
461 1074 527 1139 iam
553 1095 717 1160 superesse
739 1073 823 1139 mihi
840 1073 938 1140 verba
960 1079 1064 1161 putes,
1086 1096 1169 1160 quae
1191 1074 1338 1139 dixeram

129 1177 292 1244 defutura.
338 1177 537 1244 Commendo
551 1175 614 1243 tibi
628 1175 794 1243 hominem
816 1178 871 1258 sic,
891 1182 930 1244 nt
948 1177 1112 1265 intellegis
1133 1199 1185 1242 me
1202 1199 1279 1254 eam,
1301 1181 1338 1241 de

129 1304 193 1367 quo
208 1305 247 1348 ea
261 1304 358 1368 supra
371 1280 564 1367 scripserim,
580 1280 696 1347 debere
715 1283 959 1348 commendare:
984 1304 1004 1348 a
1018 1287 1115 1367 teque
1129 1281 1338 1347 vehementer

129 1385 228 1450 etiam
247 1391 345 1471 etque
365 1384 464 1452 etiam
484 1388 570 1470 peto,
596 1390 634 1449 ut
656 1385 744 1469 quod
768 1383 868 1452 habet
892 1387 928 1451 in
950 1391 1008 1451 tua
1028 1385 1194 1471 provincia
1212 1383 1338 1470 negotii

128 1489 291 1574 expedias,
317 1490 404 1575 quod
425 1487 488 1554 tibi
508 1486 671 1554 videbitur
689 1491 816 1556 reatum
838 1511 906 1556 esse
928 1489 992 1575 ipsi
1013 1490 1110 1554 dicas.
1155 1487 1337 1554 Hominem

128 1590 323 1657 facillimum
342 1591 665 1677 liberalissimumque
688 1613 867 1677 cognosces.
911 1590 1030 1677 Itaque
1049 1595 1083 1657 te
1104 1613 1194 1678 rogo,
1210 1595 1248 1656 ut
1262 1613 1338 1657 eum

128 1694 281 1775 solutum,
297 1694 445 1775 liberum,
469 1694 620 1761 confectis
641 1694 711 1761 eius
733 1697 874 1781 negotiis
891 1718 949 1782 per
967 1701 1000 1762 te
1020 1717 1118 1782 quam
1138 1695 1281 1781 primum
1295 1696 1338 1761 ad

128 1820 181 1864 me
195 1799 352 1866 remittes.
398 1798 441 1866 Id
453 1799 537 1865 mihi
551 1798 710 1884 fratrique
724 1821 797 1867 meo
812 1799 1033 1887 gratissimum
1047 1799 1170 1866 feceris.

271 2156 407 2225 GOLII.
454 2158 624 2227 OIOERO
646 2158 706 2227 ΤΟ
728 2156 931 2225 ATTIOUS
957 2157 1053 2244 (Ar-r.
1079 2181 1126 2225 vr.
1153 2161 1191 2242 ι).

420 2359 451 2401 s.
470 2358 503 2402 u.
521 2359 548 2402 o.
567 2354 638 2416 7043
662 2358 694 2401 n.
711 2358 738 2401 o.
756 2354 809 2416 ⁵03
835 2356 909 2400 sar.
926 2356 986 2400 oro.
1003 2355 1044 2403 aa.

178 2505 215 2557 Μ.
233 2506 319 2558 Cicero
335 2507 420 2558 Attico
435 2507 522 2558 scribit
536 2507 641 2568 litteras,
659 2523 722 2573 quas
737 2506 781 2556 ille
798 2505 829 2555 ad
845 2521 872 2556 se
887 2505 1001 2565 dedisset,
1019 2521 1045 2555 se
1059 2510 1156 2569 practer
1169 2503 1240 2554 binas
1254 2520 1340 2554 omnes

129 2588 260 2651 accepisse.
294 2589 333 2637 Ad
351 2589 396 2638 bas
412 2588 463 2638 iam
481 2589 611 2651 respondet
628 2594 653 2638 ct
672 2588 794 2652 copiosius
810 2588 910 2653 quidem
928 2588 959 2637 de
975 2586 1056 2650 Appio
1072 2593 1223 2636 antecoesore
1239 2601 1292 2643 suo,
1309 2585 1347 2635 de-

131 2668 205 2718 Bruti
214 2669 345 2727 mandatis,
358 2686 386 2719 ac
397 2670 504 2733 primum
516 2669 616 2735 quidem
626 2671 657 2719 de
668 2670 843 2728 Ariobarzane,
861 2656 925 2718 dein·
934 2669 965 2718 de
982 2667 1131 2727 Salaminiis,
1143 2666 1301 2731 iniquitatem
1311 2666 1340 2715 in

130 2743 156 2798 ic
168 2748 241 2800 Bruti
251 2765 370 2814 querens:
388 2756 473 2813 postea
483 2751 513 2800 de
524 2750 602 2812 libris,
616 2750 660 2815 qui
671 2757 730 2801 sunt
740 2751 771 2800 de
785 2766 813 2799 re
826 2749 934 2814 publica,
948 2754 974 2800 et
984 2750 1014 2799 de
1025 2764 1106 2799 errore
1117 2748 1143 2797 in
1156 2748 1202 2797 Cn.
1215 2746 1304 2797 Flavio
1314 2752 1340 2797 et

130 2830 203 2879 fastis
213 2845 229 2879 a
239 2845 265 2880 se
276 2830 412 2892 commisso,
425 2830 483 2880 dein
497 2830 596 2881 brevius
612 2831 699 2881 scribit
714 2832 745 2881 de
761 2847 788 2881 se
803 2830 959 2895 imperatore,
976 2830 1007 2880 de
1017 2829 1117 2894 negotio
1127 2829 1224 2879 Tulliae
1234 2828 1340 2893 aliisque

130 2910 161 2959 de
178 2910 260 2972 rebus,
279 2911 310 2961 de
326 2911 417 2976 quibus
433 2911 563 2975 scripserat
574 2912 680 2962 Atticus.
715 2911 781 2962 Tum
798 2912 909 2962 debello
929 2911 1053 2971 Parthico,
1071 2912 1101 2960 de
1118 2910 1202 2960 Bibuli
1218 2910 1298 2960 edicto
1314 2915 1340 2959 et

130 2992 161 3042 de
177 3008 231 3054 suo,
251 2993 282 3043 da
300 2992 448 3057 publicanis,
468 2994 499 3042 de
518 3009 599 3043 errore
616 3009 632 3043 a
649 2993 752 3044 Metello
774 2994 802 3044 in
823 2994 1003 3058 subscriptione
1027 2998 1124 3043 statum
1140 2991 1253 3041 Africani
1273 2991 1342 3040 facto

131 3090 182 3124 non
196 3075 345 3135 excusando,
366 3074 489 3125 similibus
506 3075 629 3126 erroribus
653 3091 669 3126 a
692 3076 794 3126 Graecis
820 3075 963 3126 auctoribus
984 3074 1128 3133 commissis,
1147 3073 1178 3122 de
1195 3071 1337 3131 Philotimo,

131 3156 162 3205 de
183 3156 352 3206 admonitione
373 3156 460 3217 Attici,
484 3156 515 3207 de
538 3155 575 3206 Μ.
605 3156 704 3208 Octavii
725 3158 864 3221 puduistis,
895 3158 925 3208 de
952 3156 1040 3221 Lepta,
1064 3156 1095 3205 de
1116 3153 1194 3204 filiola
1214 3153 1293 3203 Attici
1314 3158 1340 3203 et

131 3237 204 3289 Pilia.
239 3239 294 3288 Iam
313 3237 422 3289 breviter
440 3239 571 3302 respondet
589 3239 621 3289 ad
640 3237 769 3303 epistolam
784 3239 916 3303 quamdam
935 3238 1055 3288 minorem
1069 3237 1099 3286 de
1113 3233 1199 3285 multis
1215 3234 1341 3300 saumque

130 3319 203 3370 rebus
214 3327 239 3370 et
249 3320 401 3370 hominibus.
434 3319 543 3370 Litteras
553 3320 632 3370 Attici
647 3320 683 3371 ait
699 3336 725 3370 sc
741 3327 892 3384 exspectare,
910 3321 940 3371 de
957 3319 1069 3379 Caesare,
1086 3318 1116 3367 de
1128 3317 1252 3380 Pompeio,
1266 3318 1296 3366 de
1308 3317 1338 3365 P.

130 3400 209 3451 Vedio
219 3402 322 3467 eiusque
332 3401 500 3453 deversstionc
511 3402 578 3466 apud
588 3401 733 3466 Pompeium
743 3401 892 3452 Vindullum
902 3401 1045 3459 Laodiceae,
1058 3401 1088 3449 de
1099 3404 1258 3448 monumento
1265 3398 1341 3462 Appii

131 3481 257 3546 Eleusine,
282 3484 312 3533 de
333 3489 494 3535 monumento
515 3484 582 3549 quod
602 3483 643 3534 sui
664 3483 717 3548 ipse
740 3482 802 3533 velit
823 3499 876 3533 essa
894 3481 1010 3532 Athenis.
1059 3481 1156 3543 Scripta
1178 3480 1282 3543 epistola
1303 3486 1341 3531 est

132 3563 268 3615 Laodiceae
279 3581 302 3614 a.
315 3565 340 3614 d.
352 3565 400 3615 VI.
412 3565 471 3615 Kal.
483 3564 596 3615 Martias.

546 3712 678 3769 CICERO
695 3712 829 3768 ATTICO
848 3711 925 3768 SAL.

200 3846 229 3910 l.
253 3844 373 3931 Accepi
388 3850 461 3910 tuas
474 3844 601 3911 litteras
615 3869 644 3912 a.
661 3846 693 3911 d.
709 3868 739 3911 v.
757 3843 957 3911 Terminalia
972 3841 1161 3920 Laodiceae,
1177 3861 1258 3927 quas
1273 3840 1338 3925 legi

131 3947 353 4027 libentissime,
376 3947 578 4034 plenissimas
602 3948 729 4028 amoris,
756 3946 980 4028 humanitatis,
1008 3945 1112 4025 officii,
1138 3944 1338 4030 diligentiae.

163 4111 345 4176 susanam]
378 4125 416 4173 cp.
429 4109 500 4159 Fam.
516 4109 568 4158 xiv.
586 4112 610 4168 4,
622 4111 645 4169 2,
659 4108 706 4172 Ep.
796 4111 821 4156 2.
838 4106 939 4220 siasap¹
970 4105 1340 4171 ‘asearncstlyasyouunder-

132 4175 198 4237 lxii,
222 4178 273 4224 Nos
294 4177 425 4223 Brundisii
441 4177 507 4235 apead
527 4176 565 4223 lt.
589 4175 707 4222 Lamiam
762 4171 922 4236 standIoug
939 4171 969 4222 t.’

133 4242 364 4290 Flaccmadiaaaiii.
372 4240 476 4301 fuimus,
490 4242 569 4288 simam
582 4241 705 4299 optimum,
796 4252 902 4297 mecam,
915 4236 1010 4302 ἀεᾳιιο]
1044 4252 1096 4285 aum
1112 4236 1140 4284 dc
1156 4234 1296 4285 wasadded
1306 4233 1340 4298 by

132 4307 174 4368 qai
189 4308 323 4366 periculum
334 4305 494 4367 salonarum
512 4310 535 4352 si
557 4304 647 4363 capitia
668 4305 707 4351 sui
763 4301 910 4351 Lambinus.

128 4386 190 4431 praa
200 4372 459 4430 maasalaiaaeaiaxs'i,
472 4369 706 4430 aequuleqisimpro·
797 4368 859 4429 qaod
877 4368 921 4414 tias·
1014 4364 1093 4430 dicas]
1129 4364 1194 4413 ‘and
1211 4364 1268 4426 give
1287 4361 1341 4412 hm

133 4434 241 4484 bircim
248 4450 324 4496 poena
335 4435 446 4483 deductas
454 4438 489 4482 sat
496 4436 620 4495 quoiaiaas
628 4433 708 4492 λοφί-
765 4447 816 4494 any
826 4430 912 4481 advice
923 4445 973 4495 you
984 4429 1059 4480 think
1069 4444 1120 4494 yon
1130 4428 1207 4493 fairly
1218 4430 1281 4477 can!

134 4502 165 4548 tii
176 4506 199 4550 at
209 4503 329 4549 amicitias
345 4502 384 4547 iar
400 4499 544 4560 officiumqm
551 4502 687 4559 praestaret
698 4511 707 4543 .·

133 4564 471 4627 oc.8est.1a1,1>1sno.97.
801 4564 824 4610 l.
845 4558 1004 4626 Terminalia]
1038 4558 1092 4609 The
1119 4558 1266 4607 Terminalia
1281 4556 1341 4606 took
