3150 5109
493 462 680 531 OOXLIX.
707 462 831 550 (FAM.
854 464 928 530 ΙΙΙ.
954 464 1000 549 9).
1284 467 1349 532 159

143 638 255 727 possit,
283 642 395 706 tamen
420 643 586 725 teporem
608 635 690 702 mihi
715 637 857 724 gratiam
880 637 1140 705 relaturum-tu
1158 661 1234 706 vero
1252 639 1348 707 facile

145 743 261 810 facies:
292 741 378 808 nihil
406 749 455 808 est
484 741 572 807 enim
596 740 683 826 quod
711 740 819 806 studio
849 745 883 807 et
911 740 1135 809 benevolentia
1162 744 1216 810 rel
1240 766 1349 812 amore

144 847 252 934 potius
277 846 360 913 effici
383 867 450 911 non
473 845 584 932 possit.
628 845 660 909 2.
683 842 768 931 Ego,
795 844 912 910 etsist
940 845 1010 933 ipsc
1038 845 1086 912 its
1110 845 1293 914 iudicabam
1315 851 1349 914 et

143 948 260 1017 fiebam
275 949 384 1017 crebro
398 971 418 1015 a
432 948 513 1015 meis
526 971 584 1035 per
597 947 722 1014 litteras
736 947 861 1027 oertior,
876 951 987 1015 tamen
997 949 1175 1016 maximam
1188 951 1348 1018 laetitiam

143 1054 215 1141 cepi
229 1077 271 1120 ex
284 1055 351 1120 tuis
363 1052 482 1120 litteris
496 1053 537 1118 de
551 1073 608 1139 spe
628 1050 764 1117 minime
778 1049 879 1117 dubia
893 1055 925 1118 et
940 1053 1038 1140 plane
1052 1054 1219 1141 explorata
1232 1055 1346 1121 trium·

143 1156 202 1245 phi
216 1158 286 1224 tui:
310 1180 414 1244 neque
428 1179 503 1223 vero
525 1154 566 1222 ob
587 1176 659 1221 eam
674 1176 814 1235 oausam,
837 1176 901 1241 quo
914 1156 983 1243 ipse
998 1155 1126 1223 facilius
1141 1180 1350 1245 consequerer

145 1284 266 1328 -nam
294 1261 330 1328 id
359 1261 491 1348 quidem
518 1260 740 1343 Ἐπικούρειον
767 1259 918 1325 est—sed
946 1258 1138 1342 mehercule,
1171 1262 1259 1347 quod
1286 1265 1348 1328 tua

143 1365 288 1452 dignitas
310 1369 407 1451 atque
432 1362 614 1449 amplitudo
641 1360 725 1428 mihi
753 1365 803 1428 est
830 1361 902 1448 ipsa
929 1384 1004 1429 cara
1032 1385 1091 1451 per
1119 1386 1163 1431 se.
1209 1364 1284 1438 Qua
1312 1388 1348 1432 re

145 1470 298 1555 quoniam
312 1468 421 1555 plures
434 1472 473 1534 tu
485 1466 586 1534 habes
607 1488 706 1553 quam
727 1465 834 1546 ceteri,
856 1488 937 1552 quos
958 1466 1039 1532 scias
1060 1467 1096 1533 in
1117 1467 1202 1534 hano
1216 1469 1348 1556 provin·

144 1573 227 1638 ciam
248 1573 414 1660 proficisci,
437 1572 524 1659 quod
537 1575 570 1637 ts
584 1571 706 1637 adeunt
720 1569 789 1637 iere
810 1591 931 1650 omnes,
953 1570 982 1636 si
997 1570 1077 1656 quid
1090 1571 1179 1653 velis,
1202 1571 1346 1659 gratissi·

143 1698 234 1742 mum
249 1674 331 1742 mihi
344 1675 468 1756 feceris,
490 1675 519 1741 si
540 1675 583 1741 ad
603 1696 665 1752 me,
688 1673 785 1740 simul
807 1676 905 1760 atque
926 1674 1062 1762 adeptus
1082 1676 1145 1741 eris
1159 1676 1246 1761 quod
1261 1680 1294 1742 et
1309 1680 1348 1742 tu

144 1779 278 1845 confidis
300 1781 334 1844 et
353 1801 413 1866 ego
433 1783 519 1865 opto,
542 1777 668 1844 litteras
688 1777 822 1844 miseris.
867 1775 978 1865 Longi
998 1777 1152 1860 subsellii,
1175 1782 1214 1846 ut
1234 1785 1346 1847 noster

144 1880 318 1968 Pompeius
343 1882 495 1970 appellat,
524 1881 679 1948 iudicatio
708 1884 742 1947 et
770 1902 862 1947 mora
889 1880 917 1946 si
942 1903 1039 1967 quem
1060 1880 1122 1948 tibi
1141 1883 1222 1949 item
1242 1905 1347 1950 unum

143 1986 322 2053 alterumve
333 1987 419 2053 diem
430 1984 722 2070 abstulerit-quid
737 1985 825 2051 enim
838 1988 945 2071 potest
959 1985 1097 2071 amplius
1107 1987 1225 2052 t-tua
1234 1992 1345 2054 tamon

143 2090 288 2178 dignitas
302 2112 397 2157 suum
409 2090 517 2157 locum
539 2087 707 2156 obtinebit.
752 2087 827 2169 Sed,
850 2087 879 2153 si
899 2110 951 2154 me
972 2088 1093 2174 diligis,
1109 2089 1168 2156 sia
1181 2112 1234 2156 me
1249 2091 1346 2179 diligi

142 2195 201 2276 ris,
231 2196 274 2261 ad
302 2217 355 2262 me
383 2194 517 2275 litteras,
547 2198 703 2279 utquam
728 2193 870 2279 primum
895 2192 1020 2259 laetitia
1044 2194 1186 2276 adficior,
1209 2196 1343 2262 mittito.

142 2301 173 2367 3.
197 2299 244 2366 Et
269 2298 378 2379 velim,
403 2298 565 2385 reliquum
587 2297 675 2383 quod
700 2299 749 2363 est
776 2295 925 2382 promissi
949 2318 986 2362 ac
1008 2298 1151 2364 muneris
1175 2298 1236 2379 tui,
1262 2299 1346 2366 mihi

142 2404 315 2491 persolvas.
361 2401 445 2469 Cum
458 2402 563 2489 ipsam
584 2399 803 2488 cognitionem
817 2398 897 2465 iuris
916 2400 1045 2486 augurii
1066 2402 1217 2487 consequi
1238 2404 1345 2490 cupio,

143 2511 216 2574 tum
238 2506 419 2573 mehercule
443 2506 509 2572 tuis
530 2503 761 2571 incredibiliter
782 2504 899 2569 studiis
920 2525 997 2590 erga
1019 2525 1071 2570 me
1093 2506 1346 2592 muneribusque

145 2611 292 2676 delector.
338 2608 434 2682 Quod
458 2612 567 2675 autem
591 2629 611 2673 a
633 2630 686 2673 me
704 2606 770 2672 tale
792 2607 947 2692 quiddam
969 2607 1139 2689 desideras,
1163 2630 1239 2675 sane
1262 2610 1346 2677 mihi

144 2713 411 2779 considerandum
425 2715 474 2778 est
488 2733 629 2798 quonam
644 2716 677 2777 te
691 2732 877 2777 remunerer
890 2710 1092 2797 potissimum
1107 2734 1245 2799 genere:
1267 2736 1345 2781 nam

143 2815 287 2904 profecto
301 2837 368 2881 non
382 2819 431 2881 est
445 2837 564 2896 meum,
579 2814 636 2901 qui
650 2815 685 2880 in
700 2813 878 2894 scribendo,
894 2818 933 2880 ut
946 2814 1027 2880 soles
1041 2815 1204 2895 admirari,
1215 2819 1346 2885 tantum

142 2919 321 2985 industriae
346 2940 476 3005 ponam,
506 2918 707 2985 committere
734 2920 773 2984 ut
795 2918 972 3004 neglegens
1000 2922 1032 2982 ιἰι
1059 2917 1225 2985 scribendo
1247 2920 1345 2987 fuisse

141 3022 263 3103 ridear,
278 3021 467 3110 praesertim
481 3043 555 3088 oum
568 3021 604 3087 id
614 3044 681 3089 non
695 3022 793 3089 modo
808 3020 1022 3109 neglegentis,
1038 3023 1093 3086 sed
1108 3021 1207 3088 ctiam
1222 3023 1346 3112 ingrati

141 3176 267 3228 referanoe
281 3180 308 3226 to
323 3191 367 3239 my
382 3173 680 3251 dhdncfionssalthough
697 3173 719 3225 it
801 3172 1006 3251 lonytautsellis']
1042 3173 1192 3224 ‘thedeba'
1239 3177 1344 3228 audob-

141 3239 720 3372 co...
768 3180 1348 3371 ...l

142 3379 243 3431 retum;
259 3371 348 3420 indeed
363 3385 414 3435 you
431 3369 484 3419 will
501 3369 531 3419 be
546 3368 602 3420 able
612 3375 639 3419 to
650 3369 681 3419 do
692 3384 720 3419 so
768 3369 826 3419 wall
837 3369 936 3419 asfrom
944 3369 1035 3429 others,
1045 3373 1344 3436 semeoneortwodays!

142 3437 238 3502 easily!
275 3436 384 3493 Quanti.
399 3469 405 3482 .
419 3433 581 3496 .putaa,lit.,
600 3437 641 3484 ‘at
650 3433 720 3484 what
769 3433 824 3483 The
835 3436 928 3497 longum
944 3436 1080 3483 subsellium
1096 3432 1118 3483 ia
1134 3435 1262 3501 generally
1269 3435 1345 3487 inter·

159 3504 208 3551 rice
227 3500 259 3550 do
276 3515 327 3566 you
345 3498 420 3548 think
440 3498 454 3549 I
471 3498 564 3549 salue!
600 3497 632 3548 In
651 3498 720 3548 what
768 3499 854 3563 pretsd
865 3499 908 3549 tha
920 3500 1072 3562 δημορχιιὼν
1082 3499 1182 3561 βάθρον,
1197 3498 1256 3550 Die.
1275 3500 1344 3552 Cass.

140 3516 240 3616 iollows
248 3564 333 3615 Cicero
343 3562 447 3629 slightly
454 3563 529 3613 alters
538 3561 582 3613 the
590 3563 720 3628 quotation
768 3564 831 3613 xliv.
844 3568 868 3623 4,
879 3563 923 3614 the
939 3562 1019 3613 bench
1034 3578 1068 3612 on
1083 3561 1166 3613 which
1177 3563 1221 3614 the
1232 3565 1347 3617 tribunes

141 3628 208 3680 from
228 3629 332 3693 Appius’
354 3628 443 3688 lettcr;
478 3628 574 3678 instead
595 3627 624 3678 of
644 3643 720 3677 ιιιιαιιι
768 3634 822 3678 sat:
841 3628 1016 3689 seeWillems,
1029 3628 1159 3690 modat,
1172 3628 1200 3678 ii.
1218 3633 1281 3682 173:
1300 3630 1346 3681 but

141 3695 191 3745 and
202 3699 224 3742 tr
235 3694 330 3770 Appius
340 3693 390 3743 had
400 3693 454 3743 said
462 3698 529 3768 tuam
539 3692 589 3743 and
599 3708 647 3754 epe.
665 3692 721 3743 The
768 3692 908 3744 Mommsen
921 3693 968 3807 pst.
982 3692 1014 3742 R.
1032 3691 1070 3741 iii.
1089 3695 1144 3754 934,
1157 3700 1216 3744 note
1227 3696 1251 3759 2)
1264 3694 1346 3746 shows

143 3759 250 3809 abusion
260 3772 288 3808 m
298 3760 385 3834 siquid
392 3759 502 3807 inciderit
513 3772 535 3807 ra
546 3756 650 3833 perhaps
662 3757 719 3808 that
767 3758 824 3808 that
834 3758 877 3808 tbe
888 3757 921 3807 tn·
937 3756 1038 3807 unicias
1053 3757 1133 3807 bench
1145 3757 1168 3808 is
1182 3758 1243 3835 only
1253 3760 1347 3824 spoken

142 3839 209 3874 some
228 3823 366 3887 oppositron
384 3822 466 3887 might
482 3822 513 3872 he
533 3823 605 3872 made
626 3837 654 3870 m
675 3822 719 3872 tha
768 3821 797 3872 of
809 3823 889 3872 under
903 3822 947 3872 the
963 3821 1063 3886 empirs.
1098 3822 1212 3888 Possibly
1224 3830 1246 3873 rt
1263 3824 1345 3889 might

142 3893 227 3939 senate
236 3893 264 3938 to
274 3887 391 3952 granting
401 3902 417 3936 a
426 3886 539 3976 triumph
549 3892 575 3939 tc
587 3886 680 3937 Cicero.
768 3886 800 3937 be
810 3887 853 3937 the
863 3886 944 3936 boum
954 3902 987 3936 on
1001 3885 1084 3936 which
1099 3886 1143 3937 the
1158 3888 1297 3952 appositior
1307 3896 1347 3940 sat

175 3956 199 4002 2.
217 3955 340 4013 explorata
388 3952 503 4002 ‘certain
768 3951 1058 4001 whofcvourcdccecar.
1078 3951 1158 4002 There
1168 3968 1233 4002 were
1241 3954 1346 4004 noflxed

174 4018 340 4081 Ἐπιιιούριιον
396 4018 536 4065 ιιιοιιιιιίιιιιι
566 4015 717 4080 sphummss
768 4016 850 4080 places
865 4015 907 4066 ior
923 4015 984 4066 each
1001 4021 1114 4075 senatun
1133 4017 1347 4069 rothatthoseof

144 4086 246 4147 ‘avery
256 4079 395 4131 utilitatisn
405 4080 520 4146 ground?
767 4081 812 4131 the
831 4096 897 4131 same
915 4080 1083 4146 partywould
1099 4082 1226 4148 naturally
1243 4099 1344 4148 congre·

175 4145 319 4212 amplitudo]
346 4145 506 4211 ‘grastness’
525 4160 614 4208 perse,
630 4145 718 4197 ‘ruth-
768 4152 825 4210 gata
835 4146 956 4210 together.
990 4145 1259 4211 Thejoke,inton9ia
1274 4163 1347 4224 pesrs

142 4218 187 4263 out
197 4228 247 4277 any
258 4211 329 4262 other
338 4210 449 4262 metire)
767 4211 837 4261 tobc
847 4210 903 4261 that
913 4210 1033 4260 theword
1068 4210 1222 4261 'htmean‘
1281 4213 1342 4262 ous’

175 4274 341 4343 aiqutdoolir]
365 4292 400 4326 sc.
416 4277 596 4338 interroganter,
615 4274 719 4339 ‘sslring
768 4290 795 4325 as
808 4275 865 4324 wall
882 4290 910 4325 as
929 4275 1004 4339 ‘long
1012 4275 1064 4312 ’-‘
1101 4275 1196 4340 elong
1214 4277 1344 4341 (osinded)

142 4341 165 4391 if
191 4341 261 4392 there
294 4341 316 4391 is
349 4339 474 4406 anything
498 4339 560 4406 they
587 4339 660 4390 could
687 4340 719 4390 do
767 4339 866 4390 bench!

142 4406 183 4456 for
198 4406 268 4471 you!
304 4404 431 4456 Commeat
446 4403 509 4455 with
524 4404 576 4455 this
591 4404 634 4455 the
649 4403 717 4455 ordi·
802 4408 826 4454 3.
844 4403 1029 4470 ίιιινοᾱὶοίὶίιον]
1063 4403 1124 4454 This
1145 4405 1214 4454 word
1232 4405 1347 4470 qualibet

141 4471 323 4536 naryformula
337 4470 378 4521 for
393 4468 482 4535 taking
496 4468 574 4530 leave,
592 4484 621 4519 or
636 4469 720 4520 rather
767 4471 876 4519 demur.
909 4468 936 4519 It
951 4469 973 4519 is
988 4484 1075 4534 arery
1085 4476 1171 4534 strong
1180 4470 1343 4535 hyperbaton,

141 4535 238 4601 getting
248 4536 295 4598 rid,
308 4536 337 4587 of
346 4552 362 4587 a
371 4550 468 4600 person,
481 4536 548 4585 Num
558 4536 618 4599 quid
626 4537 673 4585 cia.
767 4549 832 4586 even
841 4534 882 4585 for
892 4534 936 4584 the
946 4534 1046 4586 letters:
1064 4550 1102 4599 ep.
1115 4535 1166 4586 rol.
1181 4550 1221 4598 n„
1232 4551 1259 4600 p.
1272 4536 1335 4586 xxii
