3150 5109
223 428 288 493 156
552 428 740 496 OOXLVI.
769 427 893 514 (ΕΔΜ.
915 427 982 493 ΙΧ.
1006 426 1076 513 25).

222 602 317 669 video
337 600 506 668 lectitasse.
551 601 669 688 Itaque
688 600 909 688 obtemperare
930 600 1038 689 cogito
1060 599 1238 688 praeceptis
1257 599 1345 666 tuis:
1367 598 1430 666 hcc

224 704 375 791 amplius,
401 705 625 773 navicularum
653 704 771 773 habere
801 704 927 790 aliquid
952 704 988 769 in
1017 725 1074 770 ora
1101 702 1286 770 maritima:
1320 706 1433 770 contra

223 808 366 894 equitem
394 807 555 876 Parthum
583 812 707 898 negant
732 808 836 875 ullam
868 813 1066 875 armaturam
1094 806 1260 873 meliorem
1289 805 1430 873 inveniri

222 933 324 998 posse.
370 910 435 978 Sed
450 913 529 999 quid
543 912 714 979 ludimus?
735 913 838 979 nescis
859 934 924 997 quc
945 933 1019 978 oum
1040 910 1235 997 imperatore
1254 907 1316 975 tihi
1330 931 1429 997 nego·

222 1015 307 1081 tium
331 1015 382 1081 sit.
429 1014 577 1085 Παιδείαν
594 1020 713 1102 Κύρου,
738 1037 838 1102 quam
864 1014 1077 1081 contriveram
1101 1014 1249 1102 legendo,
1270 1016 1375 1080 totam
1393 1012 1430 1079 in

222 1116 284 1184 hoo
302 1118 439 1205 imperio
464 1119 631 1206 explicavi.
677 1120 709 1184 2.
733 1118 798 1186 Sed
822 1118 1002 1186 iocabimur
1026 1118 1107 1184 alias
1123 1138 1245 1198 ‘coram
1265 1120 1304 1183 ut
1326 1138 1428 1203 spero,

223 1220 314 1289 brevi
343 1225 497 1310 tempore.
543 1222 642 1290 Nunc
667 1225 743 1289 ades
772 1223 816 1289 ad
844 1222 1070 1309 imperandum
1098 1221 1151 1287 vel
1179 1221 1223 1287 ad
1250 1221 1431 1307 parendum

223 1326 351 1413 potius:
375 1326 420 1393 sic
438 1326 525 1393 enim
546 1327 672 1414 antiqui
687 1324 912 1413 loquebantur.
958 1324 1042 1392 Cum
1056 1324 1104 1393 M.
1121 1324 1236 1405 Fadio,
1251 1324 1339 1411 quod
1352 1323 1432 1391 scira

222 1434 257 1496 te
271 1429 418 1511 arbitror,
433 1430 516 1496 mihi
530 1452 675 1497 summus
693 1452 771 1496 usus
793 1434 850 1510 est,
866 1429 1025 1515 valdeque
1039 1450 1114 1495 eum
1128 1428 1231 1514 diligo
1246 1449 1320 1494 oum
1333 1448 1431 1514 prop·

223 1537 274 1600 ter
295 1555 454 1599 summam
476 1532 672 1620 probitatem
687 1533 756 1600 eius
774 1556 812 1600 aa
833 1533 1032 1620 singularem
1048 1533 1243 1598 modestiam
1257 1537 1330 1597 tum
1344 1529 1433 1617 quod

222 1637 259 1702 in
274 1637 315 1702 iis
329 1637 560 1717 controversiis,
584 1659 664 1723 quas
685 1635 789 1703 haheo
810 1658 884 1703 oum
906 1636 973 1702 tuis
994 1634 1237 1702 combibonibus
1258 1632 1432 1721 Epicuriis,

223 1740 348 1827 optima
362 1762 459 1827 opera
473 1741 542 1808 eius
555 1741 606 1807 uti
620 1741 715 1807 soleo.
761 1742 793 1805 3.
816 1738 853 1805 Is
867 1761 942 1805 oum
955 1738 999 1804 ad
1013 1761 1065 1806 me
1081 1737 1277 1805 laodiceam
1291 1736 1432 1803 venisset

224 1865 414 1931 mecumque
428 1866 489 1931 ego
504 1866 579 1910 aum
597 1866 665 1910 esse
683 1843 811 1925 vellem,
830 1847 964 1930 repente
976 1864 1145 1930 percussus
1159 1846 1208 1908 est
1223 1840 1431 1908 atrocissimis

224 1946 353 2026 litteris,
383 1946 420 2012 in
449 1948 566 2034 quibus
595 1947 751 2035 scriptum
779 1950 850 2014 erat
879 1947 1021 2013 fundum
1046 1945 1363 2013 Herculanensema
1388 1942 1431 2016 Q.

154 2036 157 2047 ¹
226 2050 332 2116 Fadio
346 2050 447 2118 fratre
461 2049 674 2139 proscriptum
689 2073 767 2132 esse,
783 2051 841 2137 qui
854 2050 979 2117 fundus
1000 2072 1074 2117 cum
1095 2072 1133 2116 eo
1147 2049 1432 2116 communicasset.

226 2153 271 2220 Id
300 2151 348 2220 M.
379 2153 504 2220 Fadius
531 2154 733 2242 pergraviter
761 2155 841 2221 tulit
875 2154 1136 2240 existimavitque
1165 2153 1300 2220 fratrem
1328 2173 1432 2231 suum,

226 2256 393 2323 hominem
407 2279 474 2323 non
495 2257 682 2344 sapientem,
705 2257 849 2344 impulsu
868 2257 1073 2325 inimieorum
1090 2279 1220 2324 suorum
1235 2280 1272 2323 eo
1286 2277 1434 2344 progres-

226 2382 300 2426 sum
314 2383 391 2427 esse.
436 2359 546 2442 Nunc,
562 2361 656 2427 sime
671 2383 770 2443 amas,
792 2361 840 2427 mi
854 2359 965 2442 Paete,
984 2361 1154 2449 negotium
1168 2363 1276 2427 totum
1290 2359 1433 2446 suscipez

226 2464 375 2531 molestia
389 2464 532 2532 Fadium
544 2463 655 2532 libera.
699 2463 905 2531 Auctoritate
919 2469 978 2531 tua
990 2463 1084 2531 nobis
1098 2485 1178 2550 opus
1193 2466 1241 2530 ast
1255 2466 1288 2529 et
1302 2461 1434 2529 consilio

227 2572 261 2635 et
284 2568 382 2635 etiam
408 2568 525 2656 gratia.
570 2568 651 2636 Noli
678 2569 749 2656 pati
777 2569 908 2656 litigare
934 2568 1050 2634 fratrea
1073 2572 1107 2633 et
1135 2566 1263 2633 iudiciis
1284 2564 1435 2653 turpibus

227 2672 414 2738 conflictari.
458 2671 629 2739 Matonem
646 2677 680 2739 et
694 2671 914 2739 Pollionemin
928 2670 1040 2737 imioos
1052 2669 1151 2737 hahet
1165 2669 1299 2736 Fadius.
1345 2668 1435 2741 Quid

227 2776 361 2843 multa?
382 2797 448 2842 non
463 2775 645 2843 mehercule
658 2779 728 2842 tam
742 2775 936 2862 perscribere
952 2797 1082 2862 possum
1096 2797 1194 2860 quam
1208 2773 1291 2841 mihi
1305 2778 1436 2860 gratum

229 2880 354 2961 feceris,
369 2879 398 2945 si
412 2879 550 2946 otiosum
564 2878 708 2946 Fadium
726 2879 915 2946 reddideris.
960 2877 1004 2946 Id
1024 2878 1081 2946 ille
1100 2878 1137 2945 in
1159 2882 1193 2945 te
1213 2878 1354 2967 positum
1368 2898 1435 2944 esse

230 2986 327 3070 putat
340 2982 485 3069 mihique
498 2984 681 3070 persuadet.

229 3160 269 3206 ter
279 3152 368 3205 Cineas
378 3159 456 3205 vrcte
466 3153 578 3206 meoticas
589 3170 622 3205 cn
631 3155 743 3223 military
753 3171 806 3207 ser-
856 3160 885 3206 to
895 3153 999 3218 ordars,'
1011 3154 1031 3203 ι’.
1039 3168 1059 3202 s.
1071 3157 1099 3203 to
1108 3166 1173 3218 your
1184 3151 1339 3202 commender
1348 3149 1436 3216 giving

230 3219 286 3271 viee
297 3218 396 3281 (helian
407 3218 478 3269 Tact.
493 3221 525 3282 1).
857 3235 909 3296 ycu
917 3218 1112 3270 orders—ancli
1122 3216 1233 3282 military
1240 3216 1389 3280 expression.
1408 3215 1436 3266 It

263 3285 306 3333 hcc
317 3283 433 3349 amplias]
469 3285 553 3335 ‘mora
568 3283 632 3334 than
652 3283 710 3346 this,
731 3283 746 3334 I
767 3301 809 3336 arn
857 3282 1104 3334 rabastnottotake
1120 3283 1285 3344 imperandam
1314 3280 1434 3346 assively:

229 3346 348 3412 thinking
359 3346 387 3397 cf
397 3348 491 3413 having
501 3363 568 3399 some
578 3348 666 3413 ships)
858 3364 899 3399 see
920 3348 994 3398 Kritz
1016 3362 1050 3398 on
1072 3346 1133 3397 Sall.
1160 3350 1209 3397 te.
1244 3345 1279 3396 (io
1307 3347 1382 3396 doe!
1404 3346 1438 3395 ad

263 3415 338 3461 allam
366 3412 527 3480 amaturum]
561 3412 622 3462 This
648 3413 670 3463 is
698 3429 714 3463 a
739 3413 808 3479 johe.
853 3414 988 3476 parendum
1001 3449 1007 3461 .
1022 3449 1029 3462 .
1045 3410 1383 3475 ,apamiarbeaglosst

232 3474 352 3540 Bunning
367 3493 439 3542 away
450 3477 484 3543 by
501 3493 542 3528 saa
558 3476 580 3527 is
596 3477 640 3527 the
655 3479 710 3529 best
724 3494 810 3529 means
891 3480 916 3527 3.
929 3475 1110 3542 permanant]
1142 3476 1241 3541 ‘haget
1251 3491 1267 3526 a
1277 3474 1433 3526 saverablov

231 3540 261 3590 of
270 3541 377 3606 fighting
388 3541 431 3590 the
442 3541 561 3592 Parthian
572 3541 709 3594 horsamen.
857 3541 892 3608 by
903 3541 1049 3605 ashocldng
1058 3541 1150 3591 latter!

231 3608 379 3720 OEnmbstav
401 3607 436 3655 Κύ
450 3605 495 3720 οἳ
536 3606 572 3657 Oi
591 3606 636 3657 tha
657 3606 811 3673 Cyropaedia
887 3608 1052 3669 promptum
1069 3605 1129 3672 em]
1164 3608 1233 3656 ‘was
1247 3603 1437 3656 advertissdior

291 3687 302 3718 Γ
446 3708 453 3720 ·

234 3685 318 3797 θῃονοιιὲ
330 3686 568 3797 ι’,ἰῖογεᾶΧιιιορὴωιιι
586 3753 634 3786 aces
647 3737 680 3785 ad
694 3738 811 3786 historias
891 3752 915 3785 co
933 3752 1084 3799 propraetoris
1105 3734 1164 3802 sace]
1200 3733 1263 3784 ‘has
1283 3733 1360 3784 taken
1384 3732 1436 3784 this

226 3802 304 3861 fldem
315 3801 420 3861 scriptus
432 3802 473 3849 red
482 3803 514 3849 ad
524 3802 620 3865 effigiem
632 3803 691 3851 iusti
701 3804 809 3863 imperii.
858 3799 932 3865 hasty
942 3800 1015 3865 stop!

233 3863 296 3913 This
311 3863 377 3914 ideal
393 3874 562 3929 governmant
581 3865 674 3928 cicaro,
693 3866 750 3916 who
761 3866 811 3916 had
891 3866 1064 3915 Aurariae.
1079 3901 1085 3912 .
1100 3863 1213 3929 ‚yrats'aJ
1230 3862 1296 3913 ‘We
1307 3867 1374 3913 want
1385 3877 1436 3926 you

231 3929 291 4004 read
301 3930 460 4005 andra-read
478 3929 507 3989 it,
522 3930 568 3980 has
585 3946 643 3981 now
653 3931 811 3996 exemplifled
858 3934 886 3980 to
896 3929 1032 3994 command,
1043 3930 1172 3991 toadvise,
1185 3934 1212 3979 to
1223 3944 1287 3979 evan
1297 3928 1341 3979 ask
1352 3928 1411 3977 itas
1421 3943 1437 3976 a

231 3995 549 4122 lhispddenilaehpimlddwtlidb
567 3994 810 4122 fiqoqooaqpmpffl
858 3995 989 4108 nidificia
1012 4056 1122 4119 tumidae
1149 4056 1295 4172 wastinam
1336 4059 1379 4108 ‘tc
1405 4055 1438 4106 be

233 4126 266 4171 ad
276 4125 407 4173 maduca
419 4130 547 4187 praeapte
562 4140 622 4188 quae
636 4126 727 4174 dcam
743 4127 807 4173 eiua-
859 4122 1004 4199 broughtto
1014 4122 1072 4172 ruin
1082 4121 1139 4187 bys
1164 4122 1171 4134 '
1304 4120 1432 4180 lawsuit’;

233 4190 297 4237 modi
318 4193 421 4265 matut
451 4204 478 4238 ca
507 4192 616 4266 quamvis
641 4191 810 4240 vitiosissimus
860 4187 1018 4302 dssgmcehd,
1032 4185 1182 4237 asbetveen
1210 4186 1313 4263 rothem.
1369 4250 1376 4262 ·

233 4254 442 4384 mbssllit'f
449 4259 754 4368 thianensis:
893 4250 1436 4379 ..t‘wtetltbttffztttu

265 4334 366 4431 ἔκαιε
391 4384 425 4431 ad
441 4381 619 4449 imperandam]
654 4384 756 4434 ‘attend
781 4386 810 4432 to
859 4381 1019 4433 comelative:
1037 4380 1074 4457 li·
1129 4381 1203 4445 ytbe
1214 4382 1294 4456 words
1304 4396 1385 4443 mean,
1405 4378 1437 4430 ‘I

233 4446 346 4496 orders’:
363 4462 402 4511 op.
416 4446 477 4497 Sall.
489 4446 549 4514 Jug.
563 4451 603 4511 62,
618 4450 641 4509 8,
654 4449 812 4510 omnipssad
858 4453 948 4497 munet
959 4446 1031 4496 write
1042 4444 1105 4495 ruth
1121 4460 1154 4494 an
1170 4446 1295 4511 emphasis
1309 4462 1337 4497 as
1352 4452 1439 4510 among

234 4513 399 4575 imperandum
415 4513 535 4563 dimdium
555 4518 686 4575 cocantar,
707 4513 809 4564 ‘attend
858 4527 885 4563 as
896 4512 949 4563 vill
958 4511 989 4562 be
1000 4527 1043 4577 my
1053 4510 1208 4575 obligation'

496 3687 518 3720 r.
536 3671 556 3721 i.
577 3675 600 3733 1,
620 3674 660 3733 23,
680 3672 728 3736 Ep.
746 3688 808 3721 xxx.
858 3671 941 3721 sale':
960 3687 999 3735 cp.
1012 3670 1112 3721 omisi.
1125 3674 1165 3720 66.
