3150 5109
474 433 653 499 OOXXII.
680 433 905 518 (11111111.
931 435 978 517 8).
1286 430 1329 494 91

123 606 293 673 civitatum
306 605 467 694 principes
481 608 521 673 ad
531 629 584 674 me
595 607 783 674 detulerunt
798 610 947 694 sumptus
955 606 1084 673 decerni
1098 606 1216 692 legatis
1230 604 1331 670 nimis

124 732 270 797 magnos,
285 732 359 776 oum
381 710 533 777 solvendo
555 710 702 778 civitates
724 734 792 778 non
818 716 934 777 essent.
990 713 1020 777 3.
1044 710 1113 776 Hie
1138 731 1200 797 ego
1225 708 1331 774 multa

125 813 223 879 simul
233 815 383 901 cogitavi.
411 813 560 881 Primum
574 819 618 896 te,
633 814 798 881 hominem
812 838 879 881 non
894 816 999 882 solum
1013 816 1203 901 sapientem,
1217 834 1332 879 verum

124 913 233 993 etiam,
246 919 284 979 ut
295 937 384 979 nuno
397 914 571 1000 loquimur,
586 914 757 995 urbanum,
767 937 834 981 non
845 914 1026 981 arbitrabar
1037 937 1154 1001 genere
1168 912 1331 998 11101ος1-

124 1016 252 1083 tionum
267 1017 441 1083 delectari:
464 1018 563 1104 idque
578 1040 631 1084 me
645 1017 785 1085 arbitror
794 1017 960 1103 Synnadis
973 1041 1032 1105 pro
1046 1018 1205 1085 tribunali
1219 1015 1332 1082 multis

125 1118 230 1186 verbis
256 1120 491 1207 disputavisse:
513 1122 667 1207 primum,
693 1120 842 1209 Appium
868 1122 1043 1188 Claudium
1072 1120 1200 1189 senatui
1228 1142 1331 1206 popu·

123 1223 220 1310 loque
240 1223 402 1306 Romano,
426 1247 493 1290 non
507 1224 747 1292 Midaeensium
768 1226 1032 1293 testimonio-in
1047 1248 1086 1292 ea
1099 1226 1188 1291 enim
1202 1224 1334 1290 civitate

124 1327 247 1393 mentio
270 1328 358 1394 facte
379 1330 529 1395 est-sed
554 1351 613 1395 sua
636 1333 751 1415 sponte
773 1352 843 1396 esse
865 1330 1054 1396 laudatum:
1077 1330 1195 1395 deinde
1217 1326 1333 1393 meite

125 1430 244 1497 vidisse
268 1432 411 1499 accidere
436 1434 560 1515 multis,
585 1437 623 1500 ut
647 1456 758 1500 eorum
783 1456 879 1500 causa
893 1434 1072 1520 legationes
1086 1432 1227 1498 Romam
1241 1430 1332 1496 veni·

125 1538 209 1615 rent,
229 1536 286 1601 sed
310 1535 363 1601 his
387 1536 607 1623 legationibus
628 1560 695 1604 non
715 1536 901 1604 meminisse
914 1537 1020 1605 ullum
1033 1542 1163 1623 tempus
1177 1534 1335 1600 laudandi

125 1642 184 1703 aut
198 1638 306 1705 locum
321 1639 412 1705 dari:
436 1641 545 1705 studia
559 1639 641 1705 mihi
655 1663 766 1707 eorum
780 1641 915 1727 placere,
927 1642 1014 1726 quod
1028 1642 1064 1708 in
1075 1645 1108 1706 te
1122 1637 1334 1706 benemerito

125 1741 215 1828 grati
243 1748 369 1809 essent:
397 1743 568 1809 consilium
596 1748 704 1811 totum
730 1744 834 1810 videri
859 1744 994 1811 minime
1019 1743 1244 1811 necessarium.
1297 1739 1335 1806 si

126 1849 238 1912 autem
256 1847 378 1912 vellent
393 1847 556 1913 declarare
577 1847 613 1913 in
633 1870 671 1914 eo
691 1849 831 1915 officium
856 1872 962 1930 suum,
986 1850 1196 1914 laudaturum
1219 1868 1282 1926 me,
1306 1845 1335 1911 si

126 1949 185 2033 qui
208 1971 265 2016 suo
291 1956 425 2037 sumptu
450 1950 583 2016 functus
606 1955 689 2018 esset
714 1952 838 2018 officio:
861 1975 1094 2031 concessurum,
1115 1952 1143 2018 si
1163 1950 1334 2038 legitimo:

127 2075 196 2119 non
210 2054 451 2139 permissurum,
467 2055 495 2121 si
510 2055 650 2121 infinito.
695 2054 787 2127 Quid
806 2056 894 2123 euim
913 2056 1106 2143 reprehendi
1125 2055 1256 2142 potest?
1271 2053 1335 2120 nisi

127 2157 216 2243 quod
241 2159 334 2223 addis
359 2159 465 2224 visum
488 2181 555 2225 esse
575 2158 770 2245 quibusdam
791 2162 932 2227 edietum
951 2184 1060 2227 meum
1082 2160 1175 2246 quasi
1189 2158 1335 2225 consulto

128 2262 172 2326 ad
193 2260 272 2326 istas
294 2262 474 2348 legationes
497 2263 721 2348 impediendas
746 2286 814 2331 esse
838 2266 1124 2331 accommodatum.
1168 2262 1243 2329 Iam
1269 2284 1336 2328 non

127 2368 260 2430 tantum
273 2366 356 2431 mihi
370 2367 523 2432 videntur
538 2367 692 2432 iniuriam
707 2367 814 2434 facere
828 2368 863 2449 ii,
879 2368 937 2454 qui
950 2368 1029 2433 haec
1043 2368 1222 2453 disputant,
1237 2387 1337 2452 quam

129 2468 263 2534 siouius
274 2491 367 2535 aures
378 2472 420 2535 ad
435 2470 520 2536 hane
535 2470 791 2556 disputationem
805 2474 930 2557 patent.
976 2473 1007 2536 4.
1030 2470 1154 2536 Romae
1173 2469 1338 2555 composui

127 2571 295 2638 edictum:
325 2571 411 2637 nihil
440 2573 552 2638 addidi
582 2574 647 2638 nisi
676 2575 764 2659 quod
792 2573 958 2660 publicani
986 2596 1039 2639 me
1068 2575 1236 2656 rogarunt,
1263 2593 1338 2636 oum

128 2672 264 2739 Samum
280 2676 323 2740 ad
336 2698 389 2741 me
410 2676 584 2757 venissent,
610 2681 649 2743 ut
671 2678 711 2742 de
733 2681 792 2743 tuo
814 2678 919 2743 edicto
945 2676 1082 2742 totidem
1103 2674 1210 2741 verbis
1230 2678 1336 2740 trans·

127 2888 209 2939 rests'
243 2887 297 2938 The
312 2889 380 2940 wonl
393 2905 468 2951 ycuua
483 2889 505 2940 is
518 2890 587 2939 osten
602 2889 708 2941 difficult
756 2888 1227 2954 senateandRomanpeople,notfrom
1236 2888 1337 2940 uitncsa

127 2961 155 3004 to
168 2952 301 3004 1111111101
326 2970 364 3016 cp.
384 2959 442 3003 note
456 2960 483 3005 10
496 2955 566 3004 Fam.
585 2972 610 3004 v.
629 2959 667 3017 12,
683 2960 705 3019 l,
756 2957 833 3007 borne
843 2957 927 3021 bytho
937 2956 1090 3006 inhabitants
1101 2955 1129 3004 of
1140 2955 1223 3004 Midea
1235 2953 1337 3018 (forthe

128 3019 178 3083 Ep.
191 3017 257 3077 oix.;
270 3018 324 3069 xiii.
338 3024 376 3078 6c,
390 3022 413 3080 3,
423 3019 471 3082 Ep.
485 3035 558 3079 erm
572 3020 617 3070 vii.
627 3024 667 3082 23,
680 3023 704 3082 2,
756 3028 847 3071 matter
856 3038 908 3071 was
924 3023 1021 3072 mooted
1037 3021 1064 3069 in
1080 3020 1136 3069 that
1151 3022 1233 3081 state),
1246 3020 1293 3069 but
1308 3017 1338 3067 01

128 3084 177 3148 Ep.
191 3084 274 3134 cxxvi.
309 3084 504 3143 Foreorwminc,
518 3085 639 3135 seeFam.
651 3084 705 3135 xiv.
756 3086 800 3137 the
816 3087 923 3136 senate's
944 3102 1002 3136 own
1022 3084 1136 3135 motion'
1172 3084 1256 3133 Midea
1271 3083 1293 3133 is
1308 3083 1338 3132 in

128 3153 152 3207 3,
163 3154 187 3211 4,
195 3149 243 3213 Ep.
252 3148 395 3210 luxiam
406 3152 499 3198 nomine
512 3157 591 3199 ...ut
599 3152 705 3209 audium,
757 3151 845 3217 Lycia.
879 3154 930 3202 aaa
944 3158 1023 3212 sponte
1036 3166 1082 3201 cau
1093 3149 1245 3199 beusedlor
1256 3148 1337 3198 1111111-

129 3218 180 3263 ‘on
197 3214 248 3263 this
264 3221 369 3264 account
384 3215 412 3264 in
431 3216 501 3263 order
517 3221 544 3264 to
560 3214 638 3278 hear,’
658 3216 707 3265 and
756 3217 913 3266 everisdone
921 3217 1029 3267 without
1036 3224 1184 3266 extraneous
1192 3214 1335 3273 assistance,

127 3279 197 3343 Pago
207 3295 240 3328 on
251 3279 314 3328 Hor.
328 3279 409 3329 Curru.
422 3278 459 3327 iii.
473 3283 512 3339 21,
526 3281 549 3328 1.
757 3281 840 3331 Plaut.
860 3281 933 3332 Truc.
949 3282 980 3331 11..
996 3285 1019 3343 6,
1037 3285 1069 3330 46
1083 3280 1162 3344 (122),
1181 3295 1255 3341 neque
1273 3279 1338 3328 enim

163 3345 348 3410 3111101101]
385 3350 416 3394 ‘a
432 3344 539 3394 sonaible
555 3344 647 3394 man’:
666 3360 705 3409 cp.
756 3362 815 3409 queo
832 3348 934 3409 peditto
959 3363 1010 3396 naec
1031 3353 1112 3407 sponte
1135 3345 1263 3407 ambulare,
1287 3344 1338 3393 and

126 3411 255 3471 decipiam,
276 3410 287 3474 1
305 3415 330 3469 4,
349 3411 399 3459 and
416 3410 473 3458 Fin.
491 3410 510 3458 i.
528 3412 569 3469 42,
587 3412 708 3471 rapientia
758 3412 830 3461 Fam.
843 3412 888 3461 vii.
901 3415 925 3471 2,
940 3415 964 3472 3,
977 3411 1025 3474 Ep.
1038 3410 1142 3460 clxxxii.

129 3477 347 3537 quaecrsoivmdi
356 3477 521 3535 putandam.
790 3477 863 3542 inte]
896 3476 946 3525 abl.
967 3476 1010 3526 ‘in
1023 3492 1087 3540 your
1098 3474 1172 3525 ease!

163 3537 292 3605 urbanum]
328 3543 359 3586 ‘a
380 3555 438 3588 men
459 3539 488 3588 01
508 3538 639 3589 culturo':
666 3556 706 3603 cp.
791 3544 911 3591 declarare
922 3545 949 3589 in
959 3558 984 3590 eo
994 3540 1106 3607 ffaurn]
1141 3539 1262 3591 ‘tachow
1272 3538 1339 3588 their

130 3603 278 3664 Mommsen,
288 3604 319 3652 R.
329 3603 410 3653 H.iv.
420 3606 475 3653 166.
511 3603 593 3653 “The
604 3603 707 3654 circum-
758 3606 893 3671 obligatiou
909 3605 937 3655 in
954 3606 1009 3655 that
1024 3605 1083 3655 act.’

129 3676 215 3718 stance
230 3668 286 3717 that
302 3670 344 3716 the
366 3674 430 3717 term
451 3668 584 3729 urbanitas,
601 3670 650 3718 and
665 3669 709 3719 the
792 3671 908 3735 lepitimo]
942 3668 1338 3735 ι1111(111.1111011111111111111

130 3734 186 3783 idea
198 3732 226 3782 of
241 3749 257 3781 a
266 3731 376 3795 polished
393 3732 503 3783 rational
519 3734 615 3784 culture
625 3733 710 3783 which
758 3735 848 3785 within
858 3735 901 3785 the
913 3735 976 3800 legal
986 3735 1064 3785 limita
1073 3736 1090 3798 ’,
1103 3736 1169 3784 fixed
1180 3734 1213 3800 by
1221 3734 1265 3785 the
1276 3732 1337 3783 Cor·

129 3798 152 3850 it
173 3798 308 3860 expressed,
331 3814 400 3848 arose
426 3797 517 3861 during
543 3798 593 3847 this
614 3799 708 3861 period,
758 3801 842 3851 neliun
851 3801 909 3849 law.

131 3861 710 3979 111111111111111
791 3863 1165 3997 eructuant»

131 3965 711 4109 sruccmsuu'suc
763 3995 929 4109 1111
981 3995 1090 4060 ‘coe'
1141 3994 1335 4055 1111

129 4122 160 4174 01
171 4123 214 4174 the
225 4121 353 4172 Latiniaed
364 4072 508 4173 barbaricinil
520 4073 607 4173 (1161111
618 4122 706 4173 barba·
793 4076 889 4173 Pensm
902 4163 908 4173 .
923 4161 930 4174 .
945 4163 950 4174 .
964 4123 1091 4189 amarent]
1135 4123 1217 4173 ‘after
1238 4121 1338 4185 coming

132 4188 197 4238 rised
207 4187 323 4237 Latina?
760 4194 788 4239 to
803 4205 843 4238 me
859 4194 886 4238 to
903 4189 1007 4238 Samos)
1042 4189 1096 4239 The
1115 4186 1274 4251 subjunctive
1293 4201 1337 4234 ex·

72 4275 79 4285 ·
166 4253 284 4317 arbitror]
316 4250 377 4301 This
392 4249 413 4299 is
427 4266 494 4300 mere
512 4250 661 4314 politaness3
680 4251 710 4301 ‘I
761 4269 855 4316 presses
865 4254 1014 4315 thereason,
1029 4253 1112 4303 ‘since
1122 4249 1338 4317 theymadesuch

134 4317 323 4382 fancyldwelt
333 4314 508 4379 enthispoint
517 4323 544 4367 at
553 4316 641 4381 length
648 4317 711 4367 frum
761 4334 777 4367 a
797 4318 869 4381 point
889 4318 918 4369 of
938 4319 960 4369 it
980 4319 1036 4369 that
1055 4318 1118 4383 they
1139 4332 1207 4367 came
1228 4331 1292 4365 even
1311 4323 1338 4364 10

134 4383 179 4434 tha
187 4383 267 4433 bench
277 4389 304 4432 at
316 4381 451 4447 Synnada!
762 4383 866 4433 Samos!

165 4449 278 4509 Appium
303 4482 309 4495 .
337 4482 343 4493 .
371 4484 377 4496 .
402 4444 538 4511 laudatum]
585 4444 657 4496 ‘that
678 4461 711 4495 an
794 4447 983 4514 totidemoerbic]
1001 4445 1217 4497 ‘wonlforword’
1234 4443 1338 4494 Beidon

136 4514 230 4577 Appius
252 4511 370 4563 Claudius
389 4510 453 4562 wius
473 4510 571 4560 honour
586 4510 650 4561 with
666 4510 711 4561 the
759 4513 837 4563 Acad.
849 4513 878 4563 ii.
892 4515 921 4566 17
933 4513 1160 4579 quotesanumber
1170 4510 1199 4562 of
1208 4510 1285 4561 Latin
1294 4525 1339 4560 ox·
