3150 5109
299 452 362 518 192
669 447 822 517 oenvv.
847 448 967 532 (arr.
998 447 1058 514 vr.
1081 447 1127 532 a).

296 626 388 697 Quid
401 626 534 691 tandem
548 624 604 690 isti
617 622 697 689 mali
715 622 751 688 in
772 627 841 687 tam
863 626 975 687 tenera
993 620 1101 687 insula
1119 642 1187 686 nen
1201 617 1381 686 fecissent?
1420 616 1502 682 Non

297 730 448 796 fecissent
458 728 593 795 autem?
636 726 744 793 Immo
753 725 833 812 quid
844 730 920 792 ante
931 726 1106 791 adventum
1121 746 1232 789 meum
1246 745 1316 789 non
1330 719 1502 787 fecerunt?

298 832 466 899 Inclusum
480 832 516 897 in
531 831 620 897 curia
634 834 782 896 senatum
796 828 981 895 habuerunt
996 828 1211 895 Salaminium
1225 827 1273 893 ita
1290 825 1412 891 multos
1424 824 1503 902 dies,

297 940 336 1003 ut
349 936 532 1002 interierint
547 956 614 1000 non
635 932 719 998 nulli
739 933 834 999 fame.
879 932 963 999 Erat
985 932 1073 999 enim
1091 931 1273 1017 praefectus
1287 928 1395 1015 Appii
1408 927 1503 1014 Scap

298 1040 363 1107 tius
377 1044 411 1106 et
424 1038 564 1105 habebat
578 1041 703 1103 tmmas
721 1036 762 1102 ab
776 1035 898 1123 Appio.
943 1036 987 1103 Id
1007 1058 1060 1102 me
1081 1036 1184 1121 igitur
1199 1040 1248 1114 tu,
1271 1034 1367 1099 euius
1383 1031 1505 1097 meher-

295 1145 368 1212 cule
383 1166 418 1210 os
431 1142 514 1209 mihi
528 1146 604 1208 ante
618 1142 726 1207 oeulos
740 1140 821 1207 solet
831 1139 960 1220 versari,
972 1162 1046 1205 cum
1061 1140 1102 1205 de
1116 1139 1225 1224 aliquo
1239 1137 1346 1203 officio
1361 1159 1400 1202 ac
1412 1135 1506 1202 laude

295 1249 414 1335 cogite,
436 1251 475 1313 tu
493 1268 556 1327 me,
579 1245 724 1330 inquam,
745 1266 851 1330 rogas,
868 1244 1050 1330 praefectus
1072 1246 1111 1307 ut
1125 1241 1274 1327 Scaptius
1296 1241 1371 1306 sit?
1414 1240 1506 1306 Alias

298 1351 359 1417 hoe
386 1354 609 1428 statueramus,
632 1352 672 1414 ut
696 1349 932 1435 negotiatorem
957 1347 1132 1425 neminem,
1165 1347 1264 1431 idque
1296 1342 1407 1410 Bruto
1435 1366 1506 1429 prc-

298 1454 497 1521 baveramus.
543 1450 676 1518 Habeat
708 1451 737 1517 is
770 1452 921 1518 turmae?
965 1449 1033 1517 Gur
1067 1450 1176 1537 potius
1205 1471 1306 1536 quam
1335 1448 1505 1514 cohortes?

297 1560 332 1623 9.
354 1557 496 1641 Sumpta
514 1556 581 1622 iam
594 1577 695 1641 nepos
709 1556 818 1621 evadit
833 1556 991 1642 Scaptius.
1036 1554 1174 1634 Volunt,
1196 1554 1316 1639 inquit,
1336 1552 1505 1638 principes

300 1662 382 1729 Seio.
428 1661 517 1726 Nam
537 1660 579 1724 ad
598 1681 652 1724 me
666 1657 833 1746 Ephesum
855 1681 957 1745 usque
977 1662 1137 1724 venerunt
1161 1658 1340 1743 flentesque
1363 1659 1508 1742 equiturn

298 1766 420 1831 seelera
433 1768 467 1830 et
480 1762 625 1829 miserias
638 1785 712 1828 suas
726 1762 923 1828 detulerunt.
969 1761 1087 1849 Iteque
1102 1762 1213 1828 statim
1226 1762 1304 1827 dedi
1318 1761 1457 1836 litteras,
1472 1766 1507 1826 nt

301 1893 342 1935 ex
357 1867 465 1954 prro
481 1865 604 1954 equites
618 1872 694 1932 ente
708 1870 829 1932 certam
844 1865 930 1932 diem
945 1866 1145 1946 decederent,
1161 1865 1202 1933 ob
1216 1887 1351 1950 eamque
1368 1886 1506 1941 caum,

301 1978 373 2039 tum
393 1972 434 2038 ob
448 1976 568 2038 ceterae
584 1968 755 2036 Salaminii
773 1991 833 2035 nos
851 1970 888 2034 in
910 1969 1038 2036 eaelum
1058 1971 1193 2036 decretis
1210 1969 1276 2035 suis
1294 1970 1505 2036 sustulerunt.

300 2077 366 2142 Sed
380 2076 446 2141 iam
461 2074 540 2161 quid
556 2096 637 2160 opus
651 2074 824 2158 equitatu?
868 2072 1007 2140 Solvrmt
1029 2073 1116 2139 enim
1131 2073 1322 2139 Salaminii:
1344 2072 1413 2138 nisi
1427 2073 1509 2140 forte

300 2181 336 2246 id
357 2180 507 2245 volumus
526 2178 624 2243 armis
649 2178 781 2258 efficere,
806 2181 845 2243 ut
867 2177 963 2243 fenus
984 2178 1147 2263 quaternis
1169 2176 1352 2243 centesimis
1375 2178 1505 2244 ducant

301 2284 348 2350 Et
369 2305 430 2370 ego
451 2282 577 2348 audebo
598 2281 705 2369 legere
722 2303 878 2368 umquem
904 2286 962 2348 aut
987 2282 1147 2368 attingere
1169 2304 1223 2348 eos
1242 2281 1351 2361 libros,
1372 2304 1455 2367 quos
1472 2287 1508 2348 tu

299 2387 459 2466 dilaudas,
490 2387 518 2451 si
546 2386 612 2451 tale
641 2386 721 2472 quid
749 2386 883 2452 fecero?
926 2385 1046 2466 Nimis,
1073 2388 1174 2463 nimie,
1204 2385 1351 2471 inquam,
1383 2387 1421 2451 in
1448 2387 1507 2451 isto

301 2491 445 2557 Brutum
467 2490 593 2569 amasti,
610 2488 791 2555 dulcissime
806 2488 936 2556 Attice:
959 2512 1018 2555 nos
1031 2511 1141 2555 vereor
1163 2511 1205 2554 ne
1224 2512 1351 2576 parum
1399 2491 1508 2576 Atque

300 2595 380 2661 haee
404 2594 516 2679 scripsi
537 2616 598 2680 ego
621 2595 664 2658 ad
689 2592 834 2659 Brutum
858 2593 1019 2680 scripsisse
1040 2597 1074 2659 te
1096 2595 1139 2660 ad
1157 2616 1219 2659 me.
1267 2593 1320 2658 10.
1344 2591 1509 2679 Cognosce

301 2721 389 2764 nuno
407 2703 522 2765 cetera.
567 2696 633 2763 Pro
648 2696 758 2783 Appio
781 2719 841 2763 nos
861 2696 913 2763 hio
938 2698 1047 2763 omnia
1066 2697 1211 2777 facimus,
1233 2697 1368 2763 honeste
1389 2704 1509 2777 tumen

299 2803 358 2868 sed
372 2803 468 2889 plane
482 2801 639 2868 libenter:
662 2824 722 2867 nec
736 2800 825 2866 enim
840 2800 949 2885 ipsum
963 2802 1090 2867 odimus
1104 2805 1138 2867 et
1151 2800 1295 2866 Brutum
1310 2823 1463 2867 amemus
1482 2809 1511 2867 et

302 2906 476 2993 Pompeius
490 2905 622 2970 mirifice
637 2927 657 2970 a
670 2927 723 2970 me
738 2905 914 2985 contendit,
927 2928 1024 2991 quem
1037 2903 1222 2970 mehercule
1235 2903 1310 2990 plus
1324 2905 1468 2992 plusque
1480 2907 1513 2972 in

303 3011 371 3076 dies
387 3009 500 3097 diligo.
546 3009 583 3074 Ο.
608 3008 755 3074 Caelium
777 3013 980 3094 quaestorem
1002 3008 1065 3074 hue
1086 3008 1195 3074 venire
1217 3008 1348 3074 audisti.
1396 3008 1514 3076 Nescio

301 3114 383 3199 quid
403 3114 464 3179 sit:
488 3114 543 3178 sed
565 3112 758 3178 Pammenia
782 3113 841 3178 illu
865 3112 948 3178 mihi
973 3134 1040 3178 non
1063 3111 1200 3198 placent.
1246 3110 1323 3199 Bgo
1345 3134 1401 3178 me
1424 3136 1514 3200 spero

302 3217 443 3283 Athenis
463 3218 531 3283 fore
550 3239 661 3283 mense
685 3215 878 3303 Septembri.
923 3215 1068 3283 Tuornm
1089 3217 1245 3282 itinerum
1266 3221 1419 3303 tempora
1439 3219 1515 3283 seire

303 3343 380 3386 sane
395 3320 501 3386 velim.
550 3319 703 3397 Εὐήθειαν
725 3320 761 3385 0.
782 3320 967 3407 Sempronii
981 3320 1061 3386 Rufi
1082 3320 1219 3405 cognovi
1238 3343 1280 3386 ex
1302 3321 1446 3406 epistola
1465 3329 1515 3386 eus

302 3423 492 3508 Corcyraea.
524 3422 615 3496 Quid
629 3423 785 3509 quaeris?
815 3423 953 3491 Invideo
967 3426 1131 3512 potentiae
1145 3423 1298 3492 Vestorii.
1333 3424 1515 3511 Cupiebam

307 3528 406 3593 ctiam
420 3549 508 3592 nuno
522 3527 618 3613 plura
636 3528 770 3613 garrire,
794 3529 851 3594 sed
871 3528 980 3595 lucet:
1003 3533 1100 3616 urget
1120 3527 1226 3606 turbe,
1250 3527 1387 3594 festinat
1403 3529 1515 3596 Philo·

337 3747 606 3815 ncnsees’rseutautem]
641 3748 793 3812 Seeontl.
933 3749 1067 3801 tothsnlr!

337 3816 461 3875 vicatim
480 3814 592 3875 widrat
612 3813 693 3879 hudo]
729 3815 887 3879 ‘anyeetos
968 3818 993 3865 9.
1010 3832 1046 3865 cce
1057 3813 1140 3881 libror]
1173 3813 1338 3878 sc.DeRep.

302 3877 540 3944 dutyorheroism!
968 3882 1008 3930 10.
1028 3882 1077 3929 Pro
1095 3879 1192 3946 Appio]
1225 3879 1358 3931 Whowas
1368 3883 1517 3944 prosecuted

340 3949 387 3994 cur
402 3942 497 4008 potius]
534 3943 611 4057 ‘wbq
627 3946 684 3993 does
702 3943 734 3993 he
749 3942 823 3993 incur
840 3944 883 3994 the
934 3944 1292 4010 sorextortionbyDolsbella.
1312 3945 1517 3997 Brutuswasthc

303 4018 401 4074 greater
419 4024 526 4071 expense
547 4011 575 4057 of
612 4008 701 4073 ceping
721 4025 737 4058 a
763 4014 818 4059 troo
856 4009 884 4059 oi
934 4010 1083 4060 son-indae
1104 4013 1133 4061 oi
1152 4011 1261 4073 Appium
1280 4011 1365 4061 whose
1390 4012 1518 4074 daughter

304 4075 376 4124 horse
395 4074 491 4123 instead
513 4074 541 4122 oi
568 4090 584 4122 a
610 4089 733 4138 company
753 4073 782 4124 of
824 4074 884 4124 oet?
933 4091 985 4125 was
998 4074 1103 4125 married
1116 4081 1143 4125 to
1157 4091 1229 4125 ason
1246 4074 1516 4140 ofPompeiuuPam

306 4140 420 4203 Scaptius
448 4137 470 4187 is
492 4137 628 4203 beginning
656 4146 684 4188 to
705 4144 748 4188 cut
769 4154 785 4188 a
807 4139 882 4189 dash!
932 4156 969 4190 ιιι
982 4144 1006 4202 4,
1020 4143 1044 4200 2,
1057 4139 1106 4204 Ep.
1118 4141 1197 4190 cxciv.

305 4204 360 4254 Tbe
381 4202 466 4253 nobles
488 4203 515 4252 of
538 4203 649 4261 Salamis,
671 4201 703 4253 he
722 4203 806 4253 would
827 4220 881 4268 say,
966 4204 1117 4273 Pammenis]
1151 4206 1198 4256 See
1214 4205 1269 4256 Art.
1291 4209 1379 4264 ΗΟ,
1403 4210 1446 4267 10,
1466 4208 1516 4272 Ep.

305 4269 358 4318 vill
379 4269 445 4317 have
465 4267 487 4317 it
508 4283 544 4317 so.
579 4268 613 4317 Of
635 4271 735 4318 course!
776 4267 883 4319 Thetis
934 4269 1050 4320 ccxxviii.

305 4334 366 4408 why
381 4333 443 4397 they
456 4347 525 4382 came
542 4340 568 4380 to
579 4349 626 4394 me,
640 4334 689 4382 and
699 4334 762 4382 with
775 4339 841 4383 tems
856 4334 884 4384 in
966 4334 1089 4401 εὐήθειαν]
1123 4334 1169 4386 See
1189 4351 1222 4386 en
1244 4338 1299 4386 stt.
1319 4351 1346 4386 v.
1368 4339 1391 4398 2,
1414 4340 1440 4398 2,
1466 4337 1515 4402 Bp.

305 4398 371 4447 their
390 4412 448 4462 eyes
465 4397 517 4447 told
536 4413 576 4446 me
593 4398 636 4447 tbe
654 4397 778 4447 atrocities
789 4402 818 4448 ol
831 4399 883 4450 this
932 4399 1033 4451 clxxxv.

304 4462 393 4523 troop’
432 4464 519 4511 Volunt
530 4462 669 4510 sometimes
684 4460 880 4526 basthissense,
966 4464 1048 4531 turba]
1083 4464 1118 4515 01
1142 4464 1230 4515 chents
1258 4465 1309 4516 end
1327 4464 1448 4517 visitem:
1474 4484 1517 4518 see

324 4525 378 4574 itis
388 4525 454 4575 their
463 4524 548 4586 fault,’
571 4525 646 4590 ‘they
657 4525 720 4575 have
734 4526 883 4579 themselves
934 4530 945 4594 l
959 4532 983 4580 d.
