3150 5109
447 374 600 443 oonxl.
626 376 750 460 (FAM.
771 377 848 443 III.
871 378 940 459 10).
1244 376 1307 443 199

91 545 282 613 solute-in
303 546 364 615 hse
384 549 560 636 provincio,
583 549 636 617 oui
657 554 695 617 tu
714 551 896 638 praefuisti,
916 552 1062 639 rogando
1082 551 1306 639 deprecatoris,

94 648 275 717 laborando
303 651 488 739 propinqui,
519 653 710 721 auctoritate
744 655 810 722 osri
838 655 989 736 hominis,
1018 659 1058 721 ut
1086 676 1189 741 spero,
1219 655 1307 741 opud

93 753 255 835 sivitstes,
279 756 440 843 gravitate
465 756 668 844 imperatoris
693 764 917 846 susospturum
937 759 1042 827 officie
1063 764 1162 846 etque
1187 763 1305 846 partes.

94 855 220 924 Omnis
233 859 307 925 volo
318 882 339 925 e
348 883 401 928 me
415 865 449 927 et
459 862 602 948 postules
609 865 643 929 et
653 867 834 949 exspertes:
857 862 986 929 vinnom
999 862 1080 929 meis
1095 861 1205 929 offieiis
1220 860 1307 948 eogi-

95 960 238 1028 tetionss
247 967 330 1029 tuos.
375 964 407 1029 2.
432 964 473 1036 Q.
484 964 641 1032 Servilius
655 966 825 1053 perbreves
838 966 954 1033 mihin
968 970 1002 1032 te
1015 966 1140 1032 litteras
1154 965 1306 1047 reddidit,

95 1086 182 1149 ques
197 1065 280 1131 mihi
294 1071 404 1133 temen
419 1067 517 1135 nimis
527 1068 646 1155 longae
655 1069 743 1136 visse
757 1074 854 1137 sunt:
876 1070 1030 1136 iniurium
1044 1069 1132 1136 enim
1146 1068 1227 1134 mihi
1237 1068 1309 1135 fieri

96 1167 265 1253 putabam,
281 1192 356 1236 oum
368 1170 516 1258 rogabar.
548 1172 682 1240 Nollem
697 1173 863 1240 residisset
871 1177 1000 1260 tempus
1013 1173 1121 1259 inquo
1130 1173 1308 1259 perspieere

96 1294 207 1358 posses
221 1273 336 1359 quenti
350 1279 394 1356 te,
415 1276 530 1362 quanti
544 1276 748 1363 Pompeium,
764 1298 861 1363 quem
875 1299 980 1343 unum
995 1299 1035 1343 ex
1049 1275 1199 1343 omnibus
1212 1276 1307 1355 isoio,

96 1381 136 1442 ut
162 1375 274 1458 debeo,
298 1378 443 1464 plurimi,
471 1381 586 1466 quanti
609 1380 751 1452 Brutum
774 1381 933 1448 ioeerem:
957 1401 1154 1467 quemquam
1175 1379 1211 1445 in
1233 1401 1307 1445 oon·

98 1481 274 1548 suetudine
299 1482 463 1549 ootidisns
487 1484 711 1568 perspexisses,
735 1484 831 1551 siouti
859 1484 1048 1572 perspioiss:
1071 1484 1128 1550 sed
1151 1482 1306 1569 quonism

96 1583 227 1665 eeoidit,
251 1584 381 1671 siquid
403 1608 424 1651 a
442 1610 495 1654 me
518 1587 779 1674 praetermissum
804 1587 876 1670 erit,
897 1587 1102 1655 oommissum
1124 1586 1252 1652 iooinns
1274 1593 1308 1653 et

95 1687 276 1755 admissum
302 1689 440 1757 dedeons
468 1690 653 1758 eonfitebor.
698 1694 730 1757 3.
754 1691 960 1779 Pomptinus,
988 1690 1135 1777 quiete
1154 1692 1309 1756 trwtstns

94 1799 147 1858 est
161 1794 341 1878 praestanti
358 1816 395 1861 eo
414 1794 575 1882 singulari
593 1796 668 1877 fide,
689 1795 780 1862 ouius
799 1795 850 1862 tui
869 1794 1017 1862 beneficii
1036 1815 1110 1860 sum
1129 1815 1190 1880 ego
1208 1793 1309 1873 testis,

97 1900 242 1981 praestet
262 1896 326 1963 tibi
345 1898 533 1965 memorium
557 1898 880 1985 benevolentiamque
903 1920 1002 1985 quem
1019 1897 1133 1964 debet:
1156 1896 1214 1983 qui
1235 1918 1310 1963 oum

97 2000 253 2066 maximis
266 2000 333 2067 suis
346 2000 443 2068 rebus
461 2007 589 2069 oooetus
608 2026 629 2069 o
646 2025 700 2070 me
718 2002 912 2070 invitissimo
927 2001 1120 2080 deoessisset,
1135 2003 1256 2080 temen,
1272 2004 1311 2066 ut

100 2102 187 2170 vidit
208 2104 361 2171 interesse
389 2109 458 2186 tua,
487 2108 702 2173 oonseendens
731 2108 798 2174 iam
824 2128 942 2173 navem
962 2104 1093 2191 Epheso
1114 2102 1310 2170 Leodioesm

99 2208 245 2273 revertit.
290 2207 385 2274 'l'elie
403 2213 436 2274 te
456 2231 531 2275 oum
549 2211 657 2276 studia
678 2211 807 2277 videam
828 2208 1016 2276 habiturum
1037 2230 1105 2275 esse
1123 2208 1309 2273 innumero·

99 2308 193 2391 bilis,
207 2311 306 2397 plene
320 2311 470 2380 dubitare
492 2336 560 2380 non
578 2336 709 2400 possum
729 2315 809 2400 quin
831 2313 894 2381 tibi
912 2312 1093 2399 amplitudo
1111 2311 1176 2379 iste
1192 2310 1309 2377 solliei-

99 2415 183 2481 tndo
206 2415 320 2482 future
348 2416 400 2483 sit.
446 2415 482 2483 Si
511 2439 587 2484 vero
610 2419 717 2499 effiois,
743 2422 782 2485 ut
810 2439 954 2484 pensores
977 2419 1134 2496 oreentur,
1158 2421 1191 2482 et
1213 2415 1241 2481 si
1262 2415 1310 2481 ite

97 2519 239 2605 gesseris
259 2542 437 2602 oensnrsm,
460 2528 498 2587 ut
518 2527 551 2587 et
572 2522 670 2589 debes
695 2526 729 2588 et
747 2526 849 2608 potes,
871 2542 938 2587 non
959 2518 1022 2586 tibi
1042 2519 1157 2596 solum,
1173 2520 1230 2584 sed
1244 2518 1310 2586 tuis

98 2621 253 2689 omnibus
266 2623 361 2691 video
376 2624 412 2690 in
425 2629 619 2712 perpetuum
639 2648 765 2693 summo
782 2629 817 2692 te
835 2624 995 2711 praesidio
1014 2623 1173 2689 futurum.
1218 2622 1310 2689 Illud
1366 2669 1370 2676 -

99 2746 217 2814 pugne
231 2730 265 2793 et
278 2728 411 2808 enitere,
432 2728 569 2815 nequid
588 2728 683 2797 nobis
700 2729 855 2817 temporis
876 2732 1076 2816 prorogetur,
1096 2730 1144 2807 ut,
1167 2748 1242 2793 oum
1256 2726 1310 2793 bio

100 2827 163 2895 tibi
190 2830 269 2897 setis
297 2831 478 2912 feeerimus,
508 2832 581 2898 istie
611 2854 738 2919 quoque
766 2838 912 2900 nostrum
940 2832 976 2897 in
997 2836 1031 2898 te
1052 2830 1310 2897 benevolentium

100 2956 223 3001 novare
242 2935 409 3021 possimus.
454 2939 486 3001 4.
510 2935 603 3009 Quae
620 2938 661 3003 de
682 2937 852 3005 hominum
871 2941 969 3023 etque
990 2935 1141 3002 ordinum
1163 2934 1309 3001 omnium

97 3061 182 3125 erge
207 3043 241 3105 te
262 3039 379 3106 studiis
393 3038 504 3106 soribis
526 3041 568 3106 ed
587 3063 649 3120 me,
675 3041 810 3107 minime
832 3040 915 3107 mihi
937 3039 1087 3106 mirando
1110 3043 1142 3105 et
1167 3037 1310 3104 maxime

99 3143 246 3209 ineundo
259 3143 455 3225 aeciderunt,
470 3145 647 3232 eodemque
661 3146 705 3211 ud
717 3167 770 3211 me
780 3145 956 3232 persoripte
969 3147 1046 3209 sunt
1060 3164 1080 3209 e
1094 3141 1309 3209 familiaribrn

97 3247 191 3313 meis.
237 3245 356 3333 Itsque
380 3249 471 3335 oepio
494 3271 649 3336 magnam
672 3250 883 3336 voluptatem,
913 3269 987 3314 oum
1009 3245 1080 3326 tibi,
1107 3246 1198 3311 ouius
1225 3245 1309 3311 mihi

133 3421 157 3467 2.
179 3417 360 3493 doemone]
393 3435 433 3483 ep.
454 3420 526 3470 Fam.
545 3418 675 3483 iri.11,1,
728 3417 1004 3508 someaffpiroiyoure
1020 3415 1308 3482 willredouncltoyour

98 3481 301 3661 ⁰3¹³]
336 3548 579 3679 mur
598 3549 676 3611 u*
728 3486 1308 3677 &misereretene

99 3679 309 3818 murrii
325 3678 678 3821 instemus
728 3675 1189 3817 tuttrtsltrttu
1202 3675 1308 3817 ,tus

96 3806 676 3940 ffisshildffiiiliinfflbmisit‘
728 3806 1306 3937 lilinfflbdtinlffflslillwlit

97 3936 538 4080 {ffinfflfflfffm
553 3946 624 3990 W
638 3945 679 3989 m
728 3934 1307 4075 {imillitbilffitilblffi

131 4070 156 4117 3.
174 4083 244 4130 quoa
257 4074 299 4116 to.
319 4104 326 4117 .
346 4067 423 4134 fide]
473 4071 517 4117 ιιιι
534 4067 578 4118 the
595 4072 674 4118 trost·
726 4083 812 4117 mern
846 4067 889 4118 He
910 4071 1028 4116 seeonnts
1044 4065 1084 4115 for
1100 4064 1143 4114 the
1163 4070 1306 4127 eorruptron

97 4139 165 4183 ment
175 4132 204 4182 of
222 4131 308 4182 whom
323 4147 374 4196 you
390 4132 454 4183 bave
469 4133 597 4183 redeemed
613 4149 677 4199 your
726 4132 762 4197 by
773 4131 909 4196 supposing
919 4131 976 4181 thet
986 4131 1030 4181 tho
1040 4128 1174 4194 archetype
1184 4128 1304 4179 hsdcenr.

97 4197 321 4262 vordmostinlly
331 4197 517 4264 endsigrnlly.'
725 4213 810 4258 orme,
828 4196 931 4247 whence
946 4194 1023 4261 easily
1039 4210 1108 4244 eume
1123 4210 1196 4243 tenu.
1213 4209 1308 4255 ormo,-

129 4266 268 4312 mortam
284 4262 519 4329 haerentemque]
555 4265 675 4312 ‘remem-
726 4261 904 4336 subsequently
923 4277 963 4310 ·ro
977 4275 1029 4310 wns
1045 4259 1138 4309 altered
1152 4258 1205 4308 into
1222 4274 1239 4306 n
1246 4261 1275 4373 *pl
1299 4296 1305 4308 .

95 4326 675 4405 benendbenrstownrdsyouthutgoodwill!
727 4327 798 4377 Fam.
817 4326 846 4376 ri.
863 4329 902 4387 16,
921 4329 942 4388 l,
962 4325 1056 4374 tabem
1070 4324 1110 4373 ior
1125 4323 1244 4438 balma,
1274 4338 1308 4399 err

128 4396 221 4461 studtr]
256 4393 565 4457 ‘mstnneesoisupport’
725 4396 752 4441 to
768 4399 778 4440 t
795 4407 846 4442 was
861 4391 940 4442 added
956 4407 1007 4440 -ur.
1044 4387 1157 4438 Butthrs
1172 4404 1198 4438 ιιι
1225 4387 1308 4452 uphes

128 4463 187 4524 quin
201 4499 207 4512 .
223 4498 230 4510 .
245 4497 253 4512 .
259 4460 354 4525 sutura
364 4456 410 4524 rit]
429 4456 672 4509 ‘tbsttbistrnuble-
724 4456 882 4523 hypotheses.
