3150 5109
221 451 286 517 158
571 447 760 516 OOXLIX.
786 446 909 533 (Fam
932 447 1005 513 ΠΙ.
1030 448 1077 533 9).

220 622 395 704 hominem,
410 621 493 689 sicut
506 626 564 688 tua
578 621 658 688 fides
672 625 705 688 et
719 642 810 687 meus
823 621 928 708 pudor
941 619 1094 708 postulat,
1109 623 1249 702 tantum,
1264 624 1303 687 ut
1312 621 1426 688 faciles

220 727 264 793 ad
277 731 310 794 tc
325 728 433 793 aditus
446 725 583 792 haheat:
606 747 689 811 quae
710 746 814 811 aequa
833 723 1011 811 postulabit
1025 726 1064 790 ut
1076 723 1209 791 lubente
1225 729 1258 792 tc
1272 725 1427 813 impetret

220 830 402 916 sentiatque
415 852 522 896 meam
536 828 598 896 sibi
612 828 799 909 amicitiam,
814 826 914 894 etiam
927 849 1002 894 cum
1015 826 1202 916 longissime
1217 827 1330 909 absim,
1345 851 1420 917 pro·

220 935 321 1016 desae,
335 934 371 1000 in
386 933 499 1021 primis
513 934 600 1020 apud
614 936 657 999 te.

221 1319 411 1388 OOXLIX.
456 1318 625 1388 eloneo
649 1316 906 1507 TQFAPPIUS
921 1315 1171 1507 furtumve
1193 1318 1424 1388 PULGHER

745 1444 806 1489 su.
829 1443 882 1489 111.
905 1443 948 1490 c.

407 1643 610 1703 annnorum
633 1643 666 1688 A.
683 1643 716 1687 u.
733 1643 761 1688 o.
777 1640 826 1694 704
836 1645 845 1702 ;
869 1642 900 1687 a.
917 1641 945 1687 o.
963 1642 1016 1703 oo3
1038 1643 1114 1688 ann.
1130 1644 1190 1688 cm.
1207 1643 1249 1691 oa.

266 1809 343 1875 Appii
352 1808 443 1860 littaris
452 1808 631 1860 humanissime
641 1807 739 1873 scriptis
746 1807 832 1860 Cicero
838 1807 993 1860 humanitate
1003 1808 1057 1875 pari
1063 1809 1202 1874 respondet,
1214 1809 1292 1861 auide
1302 1809 1424 1874 triumphi

218 1907 262 1956 spe
271 1891 419 1957 gratulatur.
452 1891 493 1941 hd
509 1890 669 1942 absolvendos
684 1889 761 1941 libros
775 1890 907 1956 augurales
922 1905 980 1940 eum
997 1889 1142 1941 adhormtur
1156 1891 1187 1941 ab
1203 1906 1282 1957 acqua
1296 1890 1367 1958 petit,
1385 1890 1426 1943 uti

218 1988 318 2038 operam
327 1973 370 2025 det
381 1978 410 2025 nt
420 1972 469 2025 sibi
479 1973 627 2039 supplicatio
637 1974 793 2024 decernatur.
827 1970 924 2036 scripta
934 1970 1038 2036 epistola
1048 1981 1086 2022 est
1096 1971 1240 2023 laodiceae.

583 2140 622 2195 u.
633 2100 773 2194 ‘cronno
792 2138 849 2194 sa.
869 2136 1013 2194 Poncno
1032 2138 1059 2193 s.

286 2281 315 2346 1.
338 2278 408 2348 Vix
432 2279 566 2346 tandem
594 2277 663 2366 legi
691 2277 819 2344 litteras
847 2278 965 2365 dignas
992 2277 1103 2365 Appio
1132 2276 1280 2361 Claudio,
1309 2278 1425 2365 plenas

219 2382 446 2464 humanitatis,
480 2381 586 2464 officii,
616 2380 816 2469 diligentiae.
870 2381 1032 2468 Aspactus
1065 2381 1215 2449 videlicet
1244 2382 1334 2449 urbis
1362 2381 1426 2449 tibi

218 2491 312 2556 tuam
326 2486 497 2574 pristinam
516 2485 734 2552 urbanitatem
756 2484 909 2551 reddidit.
954 2484 1043 2551 Nam
1058 2508 1138 2572 quas
1152 2509 1192 2552 ex
1206 2486 1323 2554 itinere
1337 2492 1424 2567 ante,

219 2614 318 2679 quam
332 2613 373 2657 ex
387 2590 469 2655 Asia
483 2610 629 2676 cgresam
642 2610 687 2667 aa,
709 2588 752 2654 ad
765 2611 819 2654 me
837 2587 963 2655 litteras
979 2588 1107 2670 misisti,
1122 2611 1204 2656 unna
1219 2589 1259 2656 de
1272 2590 1390 2676 legatis
1404 2613 1426 2657 a

218 2717 271 2763 me
285 2693 458 2782 prohibitis
472 2691 642 2780 proficisci,
657 2691 776 2759 alterae
790 2693 831 2758 de
845 2692 1073 2781 Appianorum
1087 2693 1309 2761 aedificatione
1322 2694 1424 2781 impe-

219 2798 300 2880 dita,
315 2797 384 2886 legi
397 2796 589 2885 perinvitus.
633 2793 753 2882 Itaque
775 2794 971 2863 conscientia
991 2818 1082 2864 meae
1103 2797 1279 2863 constantis
1300 2801 1426 2884 ergata

170 2949 174 2955 -
218 2900 396 2968 voluntatis
425 2899 573 2986 rescripsi
601 2897 664 2964 tihi
690 2897 862 2965 subiratum.
907 2899 956 2966 lis
981 2923 1057 2968 vero
1081 2900 1199 2967 litteris
1223 2901 1324 2982 lectis,
1345 2922 1426 2987 quas

219 3003 399 3071 Philotimo
422 3001 540 3070 liberto
564 3023 637 3069 mco
660 3001 790 3084 dedisti,
815 3004 953 3090 cognovi
972 3003 1183 3091 intellexique
1202 3003 1238 3070 in
1260 3004 1426 3091 provincia

218 3108 341 3175 multos
354 3106 454 3173 fuisse
469 3104 527 3192 qui
541 3127 610 3187 nos,
625 3127 689 3192 quc
704 3105 814 3173 animo
835 3106 922 3174 inter
942 3129 1002 3174 nos
1015 3128 1137 3189 sumus,
1151 3129 1219 3173 esso
1232 3106 1367 3188 nollent,
1381 3107 1426 3175 ad

219 3211 335 3279 urbem
357 3231 433 3276 vero
454 3214 492 3275 ut
514 3210 680 3276 accesseris
698 3209 751 3275 vel
771 3211 882 3297 potius
900 3214 939 3276 ut
958 3210 1101 3297 primum
1117 3213 1191 3276 tuos
1205 3210 1333 3291 videris,
1348 3232 1424 3297 cog·

219 3337 313 3382 nosse
334 3317 368 3381 te
389 3336 431 3379 ex
451 3313 493 3379 iis
513 3334 579 3399 qua
599 3313 636 3379 in
656 3316 690 3380 te
715 3312 883 3380 absentem
903 3312 978 3394 fide,
1001 3335 1067 3399 qua
1087 3312 1123 3379 in
1145 3311 1294 3379 omnibus
1316 3313 1427 3380 officiis

219 3416 350 3485 tuendis
364 3439 443 3504 erga
456 3419 490 3482 te
504 3415 709 3484 observantia
730 3420 764 3483 et
785 3416 968 3483 constantia
989 3417 1132 3483 fuissem.
1177 3415 1296 3503 Itaque
1310 3417 1427 3503 quanti

219 3521 305 3589 illud
325 3542 378 3586 mo
400 3519 569 3587 aestimare
587 3525 694 3606 putas,
717 3520 805 3606 quod
829 3524 879 3587 est
900 3520 937 3587 in
962 3520 1028 3587 tuis
1052 3520 1170 3587 litteris
1190 3521 1366 3608 scriptum:
1388 3520 1426 3588 Si

221 3624 302 3711 quid
321 3622 472 3690 inciderit
495 3624 583 3710 quod
608 3624 651 3689 ad
669 3645 775 3690 meam
797 3624 993 3710 dignitatem
1014 3623 1185 3712 pertineat,
1209 3625 1270 3690 etsi
1284 3624 1341 3691 vix
1354 3624 1426 3692 ficri

219 3810 305 3862 butas
320 3824 406 3861 course
421 3808 443 3859 it
458 3809 518 3875 only
528 3808 798 3875 tormedasmallpor·
880 3813 994 3875 resa-ipsi
1020 3812 1067 3860 tta·
1093 3811 1217 3859 subirem
1269 3810 1323 3862 Tha
1352 3813 1427 3864 letter

220 3874 379 3927 tionctthat
393 3874 466 3934 tribe,
484 3890 512 3924 sc
527 3875 796 3927 thattobeafcllow·
847 3876 1098 3928 alludedtoisFam.
1110 3874 1148 3925 iii.
1162 3877 1186 3936 7,
1241 3876 1350 3926 .ccxliv.

220 3938 798 4002 miccpsiaaclcserbondotunionthantc
880 3941 941 4008 meo]
974 3941 1124 3992 Philotimus
1143 3955 1195 3990 aas
1215 3940 1375 3992 atreedman
1396 3942 1425 3993 of

220 4007 251 4056 be
262 4004 394 4056 atributa
847 4005 973 4068 Terentia,
986 4012 1032 4057 not
1041 4007 1070 4057 ot
1081 4005 1176 4056 Cicero.

253 4076 282 4120 ut
300 4069 433 4130 ...am
451 4066 484 4135 to]
517 4067 593 4118 From
612 4068 798 4133 accmparison
880 4067 1193 4136 quatere...saisem]
1229 4068 1327 4120 ‘thclo
1368 4071 1423 4136 tyI

221 4134 285 4185 with
295 4132 340 4184 the
353 4132 468 4197 previous
484 4133 557 4182 letter
573 4132 596 4182 it
610 4134 694 4184 would
708 4150 799 4198 appear
847 4135 948 4186 showed
958 4135 1121 4201 youinyour
1136 4135 1247 4193 absence.
1261 4136 1310 4184 and
1349 4150 1422 4185 eun·

222 4200 279 4251 that
288 4198 358 4249 these
368 4213 434 4248 were
445 4213 557 4247 common
567 4204 678 4263 requests
688 4206 715 4249 to
724 4199 798 4249 make
846 4201 976 4266 remitting
991 4201 1046 4251 acal
1061 4200 1125 4250 with
1138 4198 1222 4250 which
1238 4198 1252 4249 1
1268 4199 1375 4250 fulhlled
1390 4200 1424 4251 all

220 4265 249 4314 in
259 4281 275 4316 a
284 4262 366 4315 man’s
377 4261 617 4329 tarcum-probably
627 4270 671 4314 not
681 4263 798 4329 meaning
847 4282 891 4331 my
901 4265 982 4317 dutiae
992 4272 1020 4316 to
1029 4264 1100 4330 you!

220 4346 283 4396 very
293 4327 377 4380 much.
879 4332 967 4393 Itaque
984 4328 1139 4397 ..factesJ
1173 4327 1354 4394 ‘Accordingly
1372 4344 1424 4394 yon

847 4402 938 4447 cannot
947 4394 1022 4445 think
1031 4394 1100 4445 what
1116 4400 1186 4459 great
1195 4393 1269 4443 velue
1279 4392 1293 4443 I
1305 4402 1343 4443 set
1356 4409 1424 4457 upon

255 4461 279 4509 1.
297 4459 457 4508 humanitatis
470 4492 477 4507 .
491 4492 498 4506 .
512 4492 520 4506 .
533 4455 684 4523 diligentiae]
710 4457 797 4509 ‘kind
847 4458 891 4509 tho
901 4475 1003 4525 passage
1018 4460 1046 4509 in
1062 4474 1126 4525 your
1138 4459 1211 4509 latter
1226 4459 1262 4521 (in
1277 4456 1361 4508 which
1372 4474 1423 4523 you

220 4523 305 4587 linem,
319 4529 441 4589 ooortasy,
454 4520 735 4588 sndthooghttulness!
847 4525 903 4590 say)
924 4525 980 4576 that
1006 4524 1029 4575 if
1050 4524 1174 4590 anything
1195 4523 1304 4588 happens
1330 4522 1424 4588 meing
