3150 5109
422 423 586 490 coxan.
614 424 737 508 (rau
761 423 834 489 ΠΙ.
860 426 905 508 e).
1224 424 1267 491 ra

64 600 201 663 statuere
214 596 331 676 multa,
347 598 526 679 decernere,
541 598 682 664 iudicare
704 598 856 678 dicerent,
873 620 946 663 cum
965 620 1072 683 posses
1085 598 1152 664 iam
1165 600 1267 687 suspi-

65 700 126 764 cari
140 698 203 764 tibi
218 722 286 766 esse
309 723 509 766 successum:
534 724 616 787 quae
634 724 677 767 ne
691 699 733 767 ab
754 701 795 766 iis
809 701 941 786 quidem
958 702 1028 768 fieri
1046 703 1194 783 solerent,
1211 704 1269 789 qui

67 801 149 868 brevi
163 808 311 890 tempore
326 803 387 869 sibi
409 805 535 871 succedi
556 808 718 890 putarent.
765 805 795 869 5.
820 804 949 871 Horum
964 829 1025 893 ego
1043 828 1188 872 sermone
1202 829 1269 872 non

67 905 231 972 movebar:
255 908 336 993 quin
361 909 614 974 etiam-credas
638 907 720 973 mihi
745 908 896 989 velim-,
920 908 948 973 si
974 910 1053 994 quid
1078 914 1117 976 tu
1147 933 1269 998 ageres,

67 1011 161 1076 levari
187 1033 241 1076 me
264 1011 420 1097 putabam
439 1012 596 1092 molestia,
622 1015 655 1077 et
680 1034 721 1077 ex
745 1034 856 1077 annua
878 1013 1052 1097 provincia,
1080 1036 1162 1099 quae
1187 1014 1270 1080 mrhr

66 1113 160 1200 longa
185 1115 358 1195 videretur,
373 1139 472 1201 prope
486 1118 553 1182 iam
570 1115 719 1182 undecim
743 1116 903 1181 mensium
927 1118 1124 1201 provinciam
1150 1118 1270 1184 factam

66 1242 128 1284 esse
142 1219 336 1306 gaudebam,
353 1221 380 1285 si
395 1219 519 1286 absenti
539 1220 620 1286 mihi
635 1220 732 1285 unius
753 1220 872 1285 mensis
886 1219 977 1286 labor
997 1223 1157 1288 detractus
1178 1229 1268 1289 esset.

69 1320 272 1388 Illud-vere
296 1325 496 1389 dicam-me
515 1328 632 1405 movet,
648 1324 683 1389 in
704 1328 796 1390 tanta
813 1324 956 1389 militum
978 1326 1139 1411 paucitate
1163 1324 1271 1392 abesse

69 1433 127 1490 tres
162 1425 318 1506 cohortes,
352 1450 434 1513 quae
466 1428 532 1493 sint
567 1427 781 1515 plenissimae,
811 1451 871 1493 nec
907 1451 958 1495 me
996 1428 1074 1494 scire
1103 1428 1161 1495 ubi
1193 1429 1269 1495 sint.

70 1527 293 1595 Molestissime
320 1535 428 1596 autem
454 1531 533 1612 fere,
558 1534 645 1618 quod
670 1537 703 1598 te
726 1532 783 1597 ubi
813 1532 936 1597 visurus
958 1532 1019 1597 sim
1039 1532 1154 1613 nescio,
1171 1555 1271 1620 eoque

69 1633 108 1696 ad
131 1636 164 1698 te
184 1634 310 1699 tardius
332 1635 452 1720 scripsi,
479 1638 565 1721 quod
589 1636 707 1702 cotidie
729 1641 763 1702 te
788 1636 895 1722 ipsum
920 1635 1163 1722 exspectabam:
1197 1660 1271 1704 cum

69 1736 188 1801 interea
203 1760 246 1802 ne
271 1737 396 1802 litteras
420 1738 551 1822 quidem
574 1739 658 1805 ullas
679 1740 796 1826 accepi,
821 1762 903 1824 quae
927 1762 979 1804 me
1009 1742 1160 1805 docerent
1190 1739 1271 1826 quid

67 1859 176 1923 ageres
190 1843 249 1906 aut
262 1840 320 1906 abi
337 1846 370 1906 te
384 1843 511 1907 visurus
530 1864 641 1908 essem.
685 1841 803 1928 Itaque
818 1843 923 1908 virum
945 1843 1062 1909 fortem
1077 1842 1220 1928 mihique
1234 1843 1270 1908 in

69 1942 176 2027 primis
197 1943 380 2030 probatum,
395 1944 438 2010 D.
461 1944 654 2028 Antonium,
677 1948 878 2033 praelectum
900 1951 1112 2027 evocatorum,
1128 1947 1203 2012 misi
1228 1948 1271 2013 ad

70 2053 108 2125 te,
122 2047 183 2126 cui,
200 2048 228 2112 si
247 2048 310 2113 tibi
328 2048 501 2129 videretur,
528 2049 673 2116 cohortes
697 2053 849 2131 traderes,
869 2056 917 2130 ut,
940 2052 1019 2115 dum
1043 2056 1170 2137 tempus
1192 2052 1271 2116 anni

69 2156 148 2216 esset
162 2151 325 2233 idoneum,
341 2152 467 2238 aliquid
487 2154 610 2241 negotii
625 2176 736 2240 gerere
750 2177 885 2240 possem.
932 2156 973 2219 In
989 2178 1051 2241 quo
1066 2159 1122 2220 tuo
1138 2155 1270 2221 consilio

70 2258 104 2318 ut
125 2278 176 2321 me
196 2279 358 2341 sperarem
378 2279 444 2322 esse
469 2280 603 2322 usurum
629 2266 662 2324 et
686 2259 829 2324 amicitia
852 2264 961 2323 nostra
985 2264 1018 2323 et
1042 2259 1169 2325 litterae
1194 2265 1270 2327 tuae

70 2352 228 2422 fecerant:
253 2357 340 2442 quod
360 2379 402 2422 ne
423 2378 511 2422 nunc
533 2358 663 2442 quidem
685 2358 829 2444 despero.
874 2357 939 2423 Sed
957 2358 1052 2443 plane
1069 2361 1198 2444 quando
1213 2365 1271 2426 aut

70 2456 122 2523 ubi
146 2464 180 2525 te
203 2460 330 2525 visurus
354 2461 425 2541 sim,
454 2461 519 2527 nisi
542 2463 584 2527 ad
609 2484 661 2527 me
686 2462 858 2548 scripseris,
882 2484 924 2526 ne
955 2462 1110 2547 suspicari
1139 2464 1271 2547 quidem

72 2583 205 2645 possum.
251 2565 282 2628 6.
306 2563 380 2649 Ego
396 2569 434 2630 ut
453 2588 506 2630 me
520 2565 581 2631 tibi
601 2566 831 2631 amicissimum
850 2587 916 2630 esse
939 2568 971 2629 et
995 2565 1089 2650 aequi
1112 2569 1144 2631 et
1165 2565 1272 2651 iniqui

72 2666 259 2753 intellegant
274 2667 414 2733 curabo:
438 2670 478 2734 de
498 2672 555 2735 tuo
570 2669 605 2734 in
626 2692 678 2735 me
693 2669 802 2735 animo
824 2668 944 2753 iniquis
961 2690 1049 2733 secus
1064 2669 1271 2735 existimandi

72 2770 184 2836 videris
198 2794 263 2836 non
283 2771 367 2836 nihil
389 2772 450 2837 loci
473 2773 614 2838 dedisse:
637 2775 672 2839 id
687 2774 715 2838 si
733 2773 915 2852 correxeris,
930 2770 1013 2836 mihi
1026 2772 1120 2837 valde
1140 2776 1270 2858 gratum

70 2873 138 2939 erit.
181 2874 228 2941 Et
242 2881 280 2941 ut
295 2875 413 2942 habere
423 2878 581 2944 rationem
591 2877 692 2964 possis
706 2900 770 2964 quo
781 2877 852 2941 loco
864 2896 917 2940 me
931 2875 1021 2940 salva
1033 2875 1106 2961 lege
1122 2874 1272 2942 Cornelia

71 3088 97 3138 or
118 3091 244 3143 malicious
265 3093 409 3157 disposition
431 3096 456 3157 (a
477 3094 641 3159 wide-spread
691 3104 773 3146 ments
800 3096 849 3144 and
871 3093 1029 3157 expounding
1051 3094 1094 3144 the
1119 3093 1176 3144 law.
1221 3093 1272 3144 But

72 3155 641 3225 taintthisandattaehingtomuuy)-yetwith
692 3162 780 3211 Cicero
806 3160 865 3221 only
891 3166 938 3222 put
962 3159 1075 3221 together
1101 3160 1144 3209 the
1172 3159 1271 3222 general

73 3235 134 3270 some
151 3222 270 3284 plausible
287 3228 394 3287 grounds
413 3225 453 3274 for
470 3225 535 3274 their
556 3226 639 3275 talk-
692 3228 772 3276 words
789 3225 872 3274 which
890 3240 989 3286 express
1006 3225 1048 3273 the
1067 3224 1194 3273 functione
1210 3223 1238 3273 of
1256 3240 1272 3272 a

74 3283 180 3346 ignaram
190 3286 217 3336 cf
227 3305 270 3353 my
278 3288 375 3353 loyalty
383 3290 409 3337 iu
419 3289 565 3353 friendship,
579 3290 642 3339 tried
690 3292 769 3355 judge
777 3289 885 3339 without
893 3288 1000 3353 wishing
1007 3296 1034 3337 to
1042 3289 1137 3354 signify
1144 3288 1271 3354 definitely

74 3356 98 3398 to
107 3360 215 3415 esnnnge
224 3369 268 3417 my
279 3355 342 3417 good
353 3353 460 3418 feelings
470 3354 536 3404 from
547 3371 596 3420 you
607 3356 642 3420 by
692 3356 763 3405 those
782 3355 898 3403 different
916 3353 1052 3402 fonctions.
1087 3354 1110 3402 N
1112 3360 1153 3403 ote
1172 3356 1272 3403 solerem

74 3416 156 3479 taying
165 3418 220 3466 that
230 3433 281 3482 you
293 3434 357 3468 were
372 3419 475 3483 holding
485 3437 518 3469 an
528 3419 606 3470 assiae
617 3427 643 3469 at
692 3422 719 3470 in
732 3420 775 3469 the
790 3418 957 3483 subjunctive,
978 3419 1080 3467 because
1097 3418 1118 3468 it
1134 3419 1223 3468 carries
1239 3433 1271 3468 ou

75 3478 165 3541 Tarsus,
178 3485 225 3531 and
238 3486 264 3530 in
276 3499 351 3548 many
360 3485 441 3547 points
451 3501 515 3534 were
525 3484 641 3535 adminis·
692 3486 735 3536 the
746 3491 877 3535 statement
887 3483 916 3533 of
925 3483 968 3532 the
978 3482 1210 3532 mathias-melas.

75 3545 156 3609 lesing,
168 3548 289 3610 deciding,
299 3549 414 3612 judging,
425 3550 521 3613 though
533 3567 582 3615 you
594 3550 643 3599 had
726 3552 750 3600 ὁ.
768 3547 902 3613 videretur]
914 3563 941 3596 so
952 3548 978 3595 H
989 3565 994 3604 ;
1008 3550 1103 3596 ridetur
1115 3548 1152 3597 Μ.
1187 3548 1272 3597 Butes

74 3608 166 3675 already
176 3627 262 3661 reason
278 3621 304 3662 to
320 3614 428 3676 imagine
442 3615 498 3664 that
507 3631 571 3679 your
585 3632 641 3664 suc·
693 3616 714 3666 it
727 3630 852 3678 expresses
863 3613 945 3677 partly
960 3613 1003 3662 the
1014 3628 1101 3661 reason
1115 3613 1174 3677 why
1186 3613 1272 3662 Cicero

73 3687 148 3723 oessor
160 3676 208 3726 had
221 3677 479 3729 arrived—iunctione
490 3680 572 3729 which
583 3679 643 3745 they
692 3681 740 3730 felt
748 3681 854 3744 pleased,
864 3695 902 3728 we
913 3684 980 3727 must
988 3678 1046 3726 read
1051 3677 1095 3726 the
1103 3677 1270 3742 subjunctive.

75 3739 123 3787 said
138 3756 198 3791 were
215 3752 260 3791 not
276 3743 375 3807 usually
392 3745 515 3793 exercised
531 3760 592 3793 even
609 3746 643 3809 by
695 3746 848 3808 Wesenberg
869 3746 918 3793 and
933 3743 1024 3800 Baiter,
1041 3742 1107 3792 alter
1126 3742 1269 3803 Cratander,

75 3802 140 3853 those
155 3807 209 3856 who
227 3808 336 3870 thought
358 3808 414 3858 that
434 3809 500 3859 their
521 3825 645 3859 successor
694 3810 871 3872 alsoadoptit.

74 3869 150 3917 would
170 3874 262 3932 shortly
280 3872 379 3922 arrivs!
414 3876 528 3923 Malenoli
547 3874 644 3938 implica
722 3891 801 3936 prope
812 3877 862 3923 iarn
896 3872 999 3938 ‘hardly
1010 3888 1078 3921 more
1088 3871 1171 3921 than!

75 3932 265 4045 luleityintheir
279 3938 388 4001 grounds
400 3939 428 3987 of
441 3939 580 4004 judgment,
594 3940 643 3989 and
725 3947 869 3988 wacaeorum
918 3939 992 3987 From
1003 3938 1046 3986 the
1056 3937 1117 3986 time
1132 3936 1160 3986 of
1178 3936 1272 3987 Siccius

76 3996 122 4045 this
142 4014 203 4049 arms
213 4016 246 4049 an
257 4001 388 4051 antithesis
402 4009 429 4054 to
444 4007 485 4053 sed
496 4014 573 4052 tornea
581 4021 640 4065 pro-
693 4003 817 4053 Dentatus
831 4019 868 4052 we
882 4003 945 4051 have
957 4003 1042 4051 record
1057 4002 1086 4050 oi
1101 4001 1202 4051 soldiers
1215 4001 1272 4051 who

76 4062 174 4113 casea
215 4066 319 4127 Schiitz,
349 4067 415 4116 after
446 4068 566 4118 Graevius
593 4070 641 4118 and
692 4070 742 4118 had
758 4068 844 4117 sarred
858 4067 923 4117 their
938 4069 999 4116 time
1013 4066 1088 4130 being
1107 4066 1200 4115 ‘called
1211 4065 1268 4115 out'

77 4125 294 4191 Ennaeae'ects
309 4135 518 4194 curtismonte,
532 4133 642 4182 butitis
691 4133 765 4197 again
783 4133 824 4181 for
847 4132 938 4181 serwice
962 4132 1049 4195 (hence
1073 4131 1152 4179 called
1172 4132 1269 4193 evocati,

77 4190 101 4239 in
121 4191 146 4241 ll
159 4195 206 4244 and
251 4233 258 4243 .
294 4195 322 4245 If
337 4212 352 4245 a
368 4196 511 4248 distinction
525 4199 547 4247 is
564 4205 590 4248 to
611 4198 641 4247 be
692 4197 848 4260 ἄνώελητοι).
891 4196 961 4260 They
980 4202 1023 4259 got
1050 4211 1117 4245 more
1141 4211 1190 4260 pay
1209 4194 1272 4244 than

77 4257 154 4306 drawn
173 4260 285 4310 between
307 4268 418 4323 staterem,
443 4267 569 4322 decernere,
593 4265 641 4311 and
692 4263 735 4312 the
754 4261 870 4325 ordinary
888 4261 996 4319 soldiers,
1020 4261 1069 4309 and
1087 4259 1206 4323 probably
1223 4260 1272 4308 had

78 4323 180 4386 iodim,
201 4332 307 4375 arwam
326 4342 410 4376 means
432 4327 534 4390 making
555 4335 639 4377 enaet·
692 4334 718 4377 tc
737 4342 808 4376 serve
829 4325 888 4390 only
901 4326 927 4374 in
942 4325 1026 4385 battle,
1042 4325 1117 4388 being
1136 4325 1189 4373 free
1205 4322 1272 4374 from

78 4393 157 4458 manu,
179 4392 300 4440 &comm
321 4391 437 4455 deciding
458 4393 570 4441 between
591 4398 642 4442 two
692 4392 809 4455 ordinary
820 4407 890 4453 camp
901 4390 989 4439 duties.
1025 4390 1209 4440 Seehddenda.

77 4448 186 4516 hfisstnls,
208 4456 258 4506 and
280 4458 387 4506 iudicare
407 4456 545 4522 delivering
564 4456 640 4522 judg·
723 4455 810 4522 plone]
830 4455 998 4505 ‘thalamis'
