3150 5109
320 469 364 535 so
686 470 842 537 corin.
868 470 992 555 (ssu
1015 475 1095 543 ry.
1116 476 1162 559 a).

321 641 456 722 Romae,
472 648 510 710 ut
529 645 620 724 soles,
643 644 898 732 diligentissime,
920 646 949 712 si
969 646 1004 712 in
1024 647 1137 735 Epiro,
1153 650 1247 715 mitte
1267 654 1367 717 tamen
1384 654 1419 718 ad
1437 676 1489 720 nos

320 748 362 814 de
376 747 442 814 tuis
457 748 598 834 aliquem
617 748 834 828 tabellarium,
849 755 888 814 ut
904 755 936 816 et
952 757 986 815 tu
1003 752 1083 837 quid
1097 774 1156 817 nos
1173 775 1306 839 agamus
1319 758 1349 820 et
1361 778 1409 821 nos
1420 756 1486 842 qnid

320 856 361 917 tu
380 874 459 939 agas
478 854 622 939 quidque
645 856 775 919 noturus
796 854 840 919 sis
859 854 938 920 seire
957 857 1123 942 possimus.
1168 855 1243 944 Ego
1265 858 1313 922 tui
1330 857 1413 924 Bruti
1429 883 1486 925 ron

319 958 364 1020 sio
379 979 450 1043 ago,
466 962 503 1021 ut
518 979 610 1021 susm
624 957 691 1043 ipse
705 980 772 1022 non
786 962 906 1045 ageret.
937 957 1002 1025 Sed
1014 960 1081 1024 iam
1094 958 1230 1025 exhibeo
1244 962 1394 1047 pupillum
1401 985 1489 1048 nequo

318 1059 469 1126 defendo.
494 1059 580 1126 Sunt
588 1062 676 1126 enim
690 1062 822 1149 negotia
833 1063 965 1129 etlenta
976 1067 1008 1128 et
1021 1063 1140 1129 inania.
1166 1062 1298 1130 Faciam
1307 1069 1403 1131 tamen
1414 1067 1485 1144 satia

318 1163 380 1230 tibi
404 1164 545 1251 quidem,
568 1165 620 1230 oui
636 1165 797 1231 difficilius
815 1170 864 1231 est
884 1187 982 1252 quam
1000 1165 1071 1251 ipsi.
1117 1165 1182 1233 Sed
1201 1173 1286 1234 oerte
1304 1169 1376 1235 satis
1392 1169 1487 1234 imon

318 1268 458 1354 utrique.

363 1614 518 1682 CCXIX.
578 1617 747 1685 CICERO
781 1616 840 1684 ΤΟ
877 1615 976 1682 THE
1008 1616 1342 1685 MAGISTRATES
1371 1617 1456 1684 ANB

694 1720 880 1788 SENATE
906 1721 1007 1805 (ΕΔΜ.
1032 1742 1088 1785 xv.
1113 1725 1154 1805 2).

476 1933 521 1976 v1.
539 1933 618 1977 usu.
636 1934 705 1977 otu.
720 1936 728 1991 3
754 1935 784 1976 A.
803 1933 836 1976 u.
854 1933 881 1976 c.
899 1928 968 1990 7033
992 1932 1022 1974 Β.
1040 1932 1134 1990 c.51;
1158 1932 1367 1979 Aruernos.

367 2098 404 2147 Μ.
418 2098 502 2149 Cicero
513 2099 613 2163 exponit
623 2099 707 2150 audito
718 2098 865 2149 Parthomm
880 2100 988 2148 adventu
999 2099 1059 2164 quid
1074 2099 1159 2164 egerit,
1171 2105 1202 2149 ut
1211 2099 1364 2163 provinciam
1373 2103 1466 2150 tudem
1473 2107 1494 2148 at

317 2181 394 2230 socios
404 2181 431 2230 in
443 2181 491 2230 fide
507 2181 655 2231 eontineret:
673 2180 787 2245 adiungit
803 2181 834 2230 de
849 2197 906 2245 rege
923 2181 1088 2231 Ariobarzane
1103 2181 1135 2230 ob
1151 2180 1248 2231 insidiis
1263 2181 1374 2232 liberato.
1406 2181 1494 2245 enipe-

317 2261 414 2311 littorae
424 2268 483 2312 sunt
493 2262 520 2311 in
531 2262 619 2313 itinere
630 2280 661 2313 ex
672 2262 757 2313 metris
768 2263 799 2312 ad
811 2263 934 2327 Cybistra.

317 2426 358 2480 M.
372 2425 531 2483 TULLIUS
543 2429 583 2483 M.
600 2429 631 2483 F.
646 2428 776 2484 CICERO
786 2427 931 2483 PROCOS.
946 2426 973 2482 S.
987 2426 1022 2481 D.
1037 2427 1110 2482 COS.
1128 2426 1185 2482 PR.
1204 2427 1262 2482 ΤΒ.
1276 2427 1334 2483 PL.
1350 2425 1496 2483 SENATUL

382 2561 412 2623 1.
436 2557 470 2624 S.
486 2557 529 2628 V.
546 2558 588 2626 V.
606 2559 646 2624 B.
667 2560 708 2624 E.
733 2559 774 2625 Ε.
799 2559 840 2632 Q.
857 2558 900 2626 V.
961 2558 1045 2625 Cum
1070 2559 1175 2645 pridie
1200 2558 1346 2626 Kalend.
1370 2559 1448 2626 Sext.
1468 2558 1496 2623 iu

314 2661 513 2748 provinciam
540 2665 697 2729 venissem
722 2686 828 2749 noque
853 2663 1012 2728 maturius
1035 2668 1166 2750 propter
1190 2664 1348 2729 itinerum
1371 2668 1403 2730 eb
1424 2663 1497 2728 nari-

315 2767 485 2854 getionum
505 2768 727 2833 diffioultatem
741 2769 851 2832 venire
867 2768 1053 2854 potuissem,
1069 2769 1210 2833 maxime
1232 2769 1403 2834 eonvenite
1415 2766 1499 2832 offioio

315 2898 388 2942 meo
400 2873 510 2958 reique
526 2872 673 2958 publicae
687 2872 862 2937 oonduoero
877 2873 991 2959 putavi
1004 2894 1117 2958 parare
1133 2894 1180 2950 ea,
1189 2894 1272 2958 quae
1287 2874 1331 2938 sd
1345 2873 1499 2938 exereitum

316 3002 461 3066 quaeque
483 2977 525 3042 ad
546 2998 616 3041 rem
637 2976 813 3041 militarem
834 2976 1042 3062 pertinerent.
1089 2975 1182 3046 Quae
1204 2998 1279 3042 oum
1300 2982 1406 3043 essent
1424 2998 1441 3041 a
1458 2995 1501 3040 me

349 3154 373 3199 4.
390 3145 498 3212 exhibeo]
534 3145 642 3194 ‘lhand
652 3162 695 3210 my
706 3146 774 3195 ward
790 3161 849 3195 over
864 3156 892 3195 to
976 3144 1038 3211 ipsi]
1055 3162 1090 3196 so.
1103 3147 1192 3195 Bruto.

316 3214 355 3262 his
366 3214 489 3270 creditore,
501 3211 550 3260 und
557 3210 640 3259 refuse
650 3218 676 3259 to
686 3217 724 3259 set
734 3227 768 3273 up
778 3227 829 3275 any
837 3211 893 3273 plen

315 3278 356 3328 for
375 3278 447 3327 him!
483 3276 602 3324 Esoibm
627 3275 649 3323 is
675 3280 718 3324 ‘to
737 3275 844 3339 produce
865 3275 893 3323 in
976 3277 1042 3325 008.
1056 3277 1109 3324 PR.
1129 3277 1182 3325 TR.
1196 3276 1263 3341 PL]
1295 3277 1501 3337 consummm-

316 3342 731 3406 eourt'opp.todolomaloretinsro‚
745 3339 891 3390 ‘testanda
941 3342 1040 3401 toribus,
1054 3341 1159 3388 tribunis
1167 3342 1252 3400 plebis.

316 3408 395 3473 lently
413 3405 530 3457 conceal)
564 3404 749 3465 Ariobarzanes,
773 3405 843 3469 King
865 3405 894 3454 oi
976 3404 1295 3472 1.u.v.t'.B.E.E.Q.v.]
1330 3425 1351 3447 ε
1385 3407 1412 3455 Si
1434 3406 1502 3454 scidis

316 3473 477 3536 Cappadocia,
490 3470 892 3533 hadbeenputunderthetutsla
942 3469 1041 3519 domm
1056 3486 1097 3532 ego
1108 3486 1197 3531 quoque
1207 3473 1281 3519 valeo.
1317 3470 1416 3519 Similnr
1429 3467 1504 3519 forna

316 3538 344 3589 oi
360 3538 445 3588 Cicero
460 3536 549 3602 hythe
561 3536 649 3585 Senate
666 3535 748 3600 (Fam.
765 3551 808 3583 xv.
822 3537 846 3596 2,
865 3540 889 3597 4,
940 3536 1024 3585 modes
1039 3535 1068 3584 oi
1081 3536 1180 3585 eddress
1191 3550 1233 3583 are
1247 3535 1327 3585 found
1341 3536 1402 3584 used
1414 3534 1507 3584 towards

316 3605 362 3667 Ep.
374 3602 475 3667 corin).
510 3602 564 3651 The
575 3599 698 3675 affairaof
714 3599 892 3675 Ariobarzanes
940 3606 1064 3675 stringere
1082 3601 1132 3675 and
1148 3615 1244 3675 wopan
1260 3616 1287 3648 as
1301 3600 1357 3649 well
1372 3616 1400 3649 as
1414 3599 1505 3675 towards

315 3664 892 3795 ietbffiffltxittttyttibt
940 3664 1505 3794 ..ppppmppppppafflpfflffl

315 3800 369 3847 Att.
382 3796 417 3846 vi.
432 3801 454 3857 1,
467 3802 491 3857 4,
506 3797 553 3859 Ep.
567 3795 631 3845 cclii.
666 3794 707 3843 He
722 3794 792 3844 owed
802 3809 892 3860 money
940 3799 1010 3844 town
1026 3795 1053 3844 in
1069 3794 1319 3858 hisprorinoedtt.
1337 3792 1505 3855 v.15‚1,Rp.

313 3870 340 3912 to
358 3862 458 3922 Brutus,
471 3861 554 3911 which
570 3860 613 3909 the
623 3860 697 3908 latter
710 3858 791 3923 bopod
807 3859 892 3910 Cicero
941 3859 1014 3909 corii.

315 3927 397 3976 would
408 3927 475 3976 force
486 3925 770 3990 Ariobarzanestopay.
806 3924 892 3974 Cicero
977 3926 1103 3980 Quorsum
1153 3922 1507 3988 ‘andaiteranunungment

313 4008 392 4041 seems
413 4007 470 4040 now
491 3997 518 4040 to
539 3989 636 4052 despair
656 3989 684 4037 of
700 3989 893 4053 aeeomplisbing
941 3989 970 4039 oi
985 3990 1062 4050 these,
1086 4006 1109 4038 w
1130 3988 1169 4039 'eh
1186 3989 1312 4039 exhibited
1327 3989 1412 4038 rather
1427 3984 1507 4038 eareful

314 4056 365 4105 this
392 4056 456 4115 taslr,
485 4055 532 4104 but
555 4054 587 4103 he
602 4053 690 4118 finally
711 4055 844 4105 suoceeded
864 4055 893 4103 in
941 4055 1063 4104 attention
1085 4070 1117 4104 on
1144 4070 1187 4119 my
1215 4060 1278 4117 pert,
1307 4053 1370 4103 than
1394 4053 1508 4103 abundant

314 4120 431 4184 bringing
449 4120 525 4169 about
541 4118 585 4168 the
603 4124 721 4182 payment
739 4118 767 4169 of
788 4135 804 4169 a
824 4119 893 4183 large
941 4119 1032 4184 supply
1048 4119 1076 4169 of
1085 4118 1212 4168 foroe’-a
1229 4124 1312 4169 oovert
1327 4118 1421 4169 rebuke
1436 4125 1463 4169 to
1475 4116 1510 4165 the

315 4185 413 4250 portion
424 4185 451 4235 of
462 4184 504 4234 tho
515 4184 573 4233 debt
584 4189 610 4232 to
622 4182 723 4234 Brutus.
941 4184 1087 4233 authorities
1105 4184 1145 4233 for
1163 4184 1250 4248 giving
1268 4183 1322 4232 him
1341 4182 1404 4233 such
1419 4199 1437 4232 e
1451 4179 1509 4233 mall

347 4253 441 4314 negotia
453 4246 659 4313 lentootinsnis]
696 4250 745 4297 ‘sn
762 4246 890 4312 imprsoti·
941 4248 1197 4299 numberoisoldiers.
1229 4247 1510 4312 ‘CaesarsndPompeius

314 4316 383 4365 oable
394 4315 444 4365 end
453 4313 624 4377 impetunious
634 4311 687 4361 lot':
701 4329 739 4376 cp.
753 4313 807 4363 Att.
817 4313 835 4362 i.
851 4316 889 4373 12,
942 4329 1007 4363 were
1045 4314 1145 4377 already
1179 4313 1296 4377 draining
1328 4313 1373 4363 the
1406 4313 1510 4374 ornum

317 4385 339 4441 l,
353 4380 401 4444 Ep.
415 4380 476 4429 xvii.
500 4377 610 4428 Lentais
623 4376 699 4425 ‘hard
707 4387 734 4427 to
745 4378 800 4428 deal
808 4378 890 4440 with,'
941 4393 1065 4428 resouroes
1081 4377 1109 4427 of
1123 4378 1167 4427 the
1182 4384 1254 4439 state,
1272 4379 1321 4428 and
1336 4378 1464 4443 diverting
1477 4376 1511 4425 tho

317 4445 430 4509 ‘tough';
448 4447 535 4494 inante
545 4458 629 4493 means
644 4441 700 4491 thot
710 4442 770 4507 they
785 4443 893 4494 baveno
941 4442 1027 4492 flowor
1036 4443 1064 4492 of
1074 4442 1117 4492 tho
1128 4441 1225 4492 Roman
1235 4443 1316 4508 youth
1325 4442 1381 4494 into
1388 4443 1456 4495 their
1464 4456 1511 4492 orn

313 4526 413 4575 money.
942 4509 1044 4572 eamps,'
1057 4507 1184 4570 Monimo,
1197 4508 1226 4558 ii.
1239 4512 1281 4558 92.
