3150 5109
234 421 298 487 146
587 420 740 488 OOXLI.
767 420 890 505 (Fris.
915 420 993 487 XV.
1016 421 1086 506 14).

237 595 371 665 viotoria
383 598 477 663 tanta
490 593 611 661 olarum
630 598 725 660 tuum
742 593 919 660 adventum
934 592 1003 660 fore
1020 593 1186 682 intellego.
1232 593 1297 663 Sed
1311 594 1339 662 si
1353 617 1436 683 quae

234 702 311 766 sunt
325 720 422 765 onera
435 704 576 779 tuorum,
598 696 627 763 si
648 700 741 764 tanta
761 700 849 777 sunt,
871 701 909 762 ut
931 719 970 763 ea
983 697 1140 765 sustinere
1154 697 1265 786 possis,
1281 721 1433 787 propera:

230 801 314 869 nibil
328 800 389 868 tibi
403 801 465 868 erit
478 801 608 883 lautius,
626 800 712 868 nihil
730 799 922 888 gloriosius:
945 800 997 866 sin
1014 802 1147 884 maiora,
1162 803 1328 869 oonsidera
1341 826 1383 870 ne
1398 804 1434 870 iii

232 906 464 975 alienissimum
491 910 619 991 tempus
648 906 743 972 eadat
771 904 931 971 adrentus
959 908 1045 971 tuus.
1095 904 1209 972 Huius
1243 908 1291 973 rei
1327 911 1434 975 totum

230 1009 400 1077 eonsilium
414 1014 509 1075 tuum
523 1011 592 1076 est:
615 1013 654 1075 tu
673 1007 762 1075 enim
783 1008 843 1074 sois
857 1007 937 1095 quid
955 1007 1111 1075 sustinere
1125 1008 1236 1096 possis.
1281 1008 1318 1076 si
1332 1015 1432 1098 potes,

229 1113 393 1181 laudabile
416 1117 513 1200 atque
532 1112 687 1200 populare
712 1117 781 1180 est:
805 1112 856 1178 sin
878 1112 976 1199 plane
997 1134 1063 1178 non
1077 1116 1179 1200 potes,
1201 1112 1316 1181 absens
1330 1114 1432 1181 homi·

230 1241 311 1285 num
330 1238 490 1284 sermones
511 1216 639 1283 faoilius
658 1215 839 1283 sustinebis.
884 1218 915 1281 5.
937 1214 991 1282 De
1015 1238 1068 1283 me
1089 1220 1199 1283 autem
1217 1216 1305 1285 idem
1326 1222 1434 1286 teoum

229 1321 281 1388 hia
295 1343 357 1410 ago
370 1320 497 1401 litteris,
520 1321 606 1407 quod
627 1318 843 1407 superioribus
862 1319 925 1408 egi,
947 1323 986 1386 ut
1003 1341 1114 1387 omnes
1126 1324 1200 1387 tuos
1214 1343 1332 1387 nervos
1345 1323 1382 1387 in
1396 1343 1434 1388 eo

229 1426 412 1505 oontendas,
431 1447 473 1491 ne
491 1424 571 1511 quid
589 1423 672 1490 mihi
690 1424 734 1490 ad
752 1422 837 1490 hano
862 1423 1071 1510 prorinoiam,
1089 1446 1188 1511 quam
1208 1428 1242 1490 et
1256 1429 1387 1491 senatus
1400 1429 1435 1492 et

227 1528 367 1617 populus
388 1550 532 1596 annuam
553 1549 620 1595 asse
638 1527 751 1607 voluit,
773 1526 928 1613 temporis
950 1532 1152 1615 prorogetur.
1197 1526 1275 1594 Hoe
1291 1550 1312 1594 a
1331 1532 1365 1595 te
1385 1528 1434 1594 ita

228 1632 397 1712 ueniendo,
412 1635 450 1698 ut
463 1631 499 1696 in
513 1653 552 1697 eo
566 1630 714 1698 fortunas
732 1653 820 1698 meas
839 1630 961 1717 positas
981 1634 1103 1718 putem.
1148 1630 1263 1698 Habes
1278 1630 1433 1698 Paullum

227 1741 374 1804 nostrum
385 1736 488 1802 nostri
506 1735 769 1822 sapidissimum:
793 1739 841 1802 ast
861 1733 972 1817 sturio,
992 1740 1041 1802 est
1061 1735 1215 1802 Furnius.
1263 1734 1317 1803 Sie
1334 1736 1433 1803 velim

229 1841 362 1921 enitare,
378 1839 470 1927 quasi
488 1838 524 1904 in
548 1860 585 1905 eo
609 1837 676 1904 sint
696 1837 779 1904 mihi
804 1837 921 1906 omnia.
968 1840 999 1905 6.
1023 1838 1218 1906 Extremum
1231 1839 1316 1906 illud
1330 1844 1378 1905 ost
1392 1841 1433 1906 de

228 1945 278 2026 iis,
294 1966 377 2030 qnae
390 1964 626 2030 proposueram,
642 1942 843 2008 oonflrmatio
861 1946 990 2009 nostrae
1010 1943 1180 2025 amicitiae,
1196 1944 1237 2010 de
1252 1964 1318 2030 qua
1331 1943 1433 2029 pluri·

227 2047 289 2115 bus
302 2046 408 2114 verbis
421 2045 506 2112 nihil
519 2066 600 2131 opus
614 2049 670 2111 est.
702 2043 755 2111 Tu
768 2067 850 2133 puer
863 2067 915 2113 me
928 2046 1091 2133 appetisti,
1108 2069 1169 2133 ego
1183 2050 1294 2113 autem
1308 2068 1435 2133 semper

229 2153 417 2218 ornamento
437 2152 470 2215 te
489 2148 571 2215 mihi
588 2148 657 2216 fore
678 2149 769 2216 duxi.
814 2149 923 2217 Fuisti
943 2150 1043 2217 etiam
1063 2150 1223 2238 praesidio
1243 2150 1435 2217 tristissimis

228 2257 308 2322 meis
323 2253 531 2341 temporibus.
575 2252 720 2321 Aooeasit
732 2258 806 2341 post
825 2259 921 2321 tuum
940 2255 1113 2321 disoessum
1132 2254 1340 2321 familiaritas
1352 2254 1435 2321 mihi

230 2381 305 2424 eum
328 2357 434 2425 Bruto
458 2360 516 2424 tuo
538 2357 690 2423 maxima.
735 2357 853 2444 Itaque
877 2358 1042 2425 investio
1066 2358 1199 2446 ingenio
1220 2362 1254 2424 et
1274 2357 1437 2424 industria

230 2461 313 2528 mihi
325 2461 504 2550 plurimum
518 2465 551 2528 et
565 2461 733 2528 suavitatis
747 2465 780 2529 et
795 2462 967 2550 dignitatis
981 2461 1191 2528 eonstitutiim
1204 2466 1295 2550 puto.
1339 2460 1384 2528 Id
1396 2467 1437 2529 tu

230 2570 269 2632 ut
288 2571 346 2633 tiro
366 2566 474 2633 studio
496 2564 673 2647 oonfirmes,
696 2569 729 2631 te
750 2565 957 2632 vehementer
978 2586 1057 2652 rogo
1078 2564 1265 2653 litterasque
1280 2566 1323 2632 ed
1335 2587 1389 2633 me
1403 2569 1438 2634 et

230 2670 383 2738 oontinuo
397 2670 509 2737 mittas
523 2673 567 2751 et,
582 2691 656 2735 oum
669 2667 811 2737 Romam
826 2670 962 2751 veneria,
977 2691 1076 2756 quam
1090 2669 1283 2755 saepissime.

262 2873 451 2941 moruorum]
485 2876 533 2951 ⁸⁸:⁰¹
546 2874 715 2938 prosecutioni
729 2875 807 2926 oihis
857 2874 1007 2951 advocatinp
1019 2874 1059 2925 hia
1074 2872 1435 2951 triumph‚·1‹'am.riii.ll,t.

230 2939 325 2992 hianda
352 2941 412 3003 (and
433 2940 565 3005 especially
585 2939 613 2991 oi
638 2940 678 2990 hia
699 2940 807 2999 brother,
830 2949 833 2954 ·
857 2940 906 3004 Ep.
919 2940 1018 2991 colrvrr.
1052 2938 1085 2989 In
1094 2938 1138 2989 the
1151 2939 1211 2990 civil
1221 2954 1274 2988 war
1288 2938 1321 2989 ha
1333 2954 1436 3003 appears

232 3005 263 3063 Q.
287 3004 395 3082 Cassius,
415 3004 473 3055 who
494 3003 627 3080 hadbeen
642 3004 809 3119 praestaret
857 3003 1342 3079 ontheudaoicaesm‚htt.h.t‚o.
1378 3067 1384 3079 ι

230 3069 382 3135 Pompeius),
404 3068 446 3119 for
463 3074 588 3120 extorhon
610 3084 642 3119 aii
679 3068 742 3120 sueh
757 3069 809 3119 lrlre
891 3072 915 3119 6.
928 3067 1070 3134 Briossus]
1103 3068 1203 3119 Cassius
1218 3068 1324 3118 married
1339 3074 1438 3118 asiater

230 3134 387 3313 ‘'ffpipfi'po]
433 3196 533 3249 ‘viru
567 3196 621 3247 will
652 3197 735 3262 plesse
765 3197 811 3249 tie
859 3133 1000 3313 0ζὲἷὲῗῖ
1011 3235 1018 3248 .
1032 3196 1117 3312 ffla]
1143 3196 1323 3313 ‘apianae
1337 3196 1437 3311 itii&

235 3278 428 3392 rippam]
469 3325 556 3378 Oioaro
570 3326 664 3392 always
679 3326 768 3378 loohed
782 3333 810 3377 to
859 3268 953 3394 ievirlyl1
955 3268 1141 3393 &tonino-i
1150 3268 1437 3391 ⁸1ilesiin⁰ihi⁰1ii⁸aroomii

231 3392 340 3443 Furnius
361 3397 388 3443 to
406 3398 510 3456 prevent
535 3390 575 3441 bis
596 3406 654 3442 own
673 3397 761 3443 tenure
781 3392 810 3442 oi
858 3394 909 3443 and
918 3409 1020 3443 renown
1029 3393 1110 3443 stored
1120 3408 1155 3456 up
1165 3392 1207 3468 ior
1216 3408 1259 3457 my
1270 3390 1434 3468 enjopment.‘

234 3457 303 3508 offioe
317 3456 393 3533 beinp
411 3456 541 3518 extendat,
558 3455 655 3520 though
664 3457 697 3506 he
708 3473 760 3507 was
770 3462 815 3507 not
862 3457 916 3508 Tus
927 3457 1018 3508 talenta
1032 3458 1082 3507 and
1096 3463 1219 3521 erertrons
1233 3458 1263 3506 of
1271 3457 1371 3507 Cassius
1381 3455 1437 3506 will

234 3522 342 3573 mtiafled
352 3522 416 3573 with
430 3521 475 3573 the
492 3521 539 3572 bill
556 3521 665 3586 brought
679 3521 707 3571 in
722 3537 755 3572 on
771 3521 815 3572 the
861 3537 965 3637 procura
973 3521 1179 3587 Cicero'sapeedy
1187 3528 1281 3583 return,
1294 3521 1344 3571 aad
1353 3520 1436 3571 thare·

234 3588 306 3650 point
316 3589 365 3652 (op.
377 3590 431 3637 Ati.
443 3602 470 3638 v.
484 3589 509 3663 ²2
526 3590 549 3646 1,
566 3585 615 3650 Ep.
633 3586 753 3647 olum
773 3589 812 3662 lb,
881 3594 1000 3652 yreatore
1014 3586 1111 3663 bimnto
1127 3585 1167 3636 his
1184 3585 1278 3637 friends
1291 3586 1382 3662 andto
1392 3584 1437 3635 tbo

235 3655 258 3766 {3
282 3651 330 3728 Ep.
354 3667 519 3781 οὲἰιὲιὲὸοᾱιι.
539 3650 711 3767 l,·ll,w1tpii
725 3651 813 3728 solii).
864 3667 952 3716 proper
967 3651 1055 3717 sphera
1070 3667 1098 3701 rii
1113 3651 1197 3702 wbreh
1212 3651 1245 3702 he
1261 3666 1308 3702 ean
1322 3648 1437 3701 marai

258 3732 345 3767 urmua
511 3731 605 3767 samoe
711 3731 767 3768 oero
787 3732 816 3766 rii
864 3732 975 3768 renoirn.
