3150 5109
223 397 286 461 184
566 399 725 466 censu.
752 399 877 487 (ssu.
899 400 1010 466 xlm.
1033 401 1102 485 ss).

222 569 372 656 placebit,
395 571 556 659 saniesque
575 595 628 639 me
653 574 689 639 in
707 595 804 660 quem
827 574 914 641 diem
935 573 1086 641 Romana
1106 573 1253 640 incidant
1273 573 1433 659 mysteria

224 674 390 741 certiorem
405 681 516 762 etque
538 677 633 743 modo
653 677 815 743 hismeria.
861 677 948 744 Cura
970 681 1008 743 ut
1029 678 1146 744 valeas.
1191 676 1270 744 Post
1283 676 1435 745 Leuctri-

224 800 296 844 cam
315 800 463 866 pugnam
483 780 537 846 die
557 781 846 868 septingentesimo
865 781 1065 868 sexagesimo
1087 784 1213 868 quinto.

226 1265 382 1334 CCLIII.
414 1267 583 1336 CICERO
607 1269 666 1336 ΤΟ
687 1268 903 1343 QUINTUS
924 1269 1164 1339 MINUCIUS
1187 1269 1434 1351 ΤΗΕΒΜΠΒ,

476 1372 705 1440 Pecrsauuou
726 1397 767 1442 01¹
790 1376 877 1441 Asu
902 1374 1005 1462 (Fau.
1029 1397 1105 1442 x111.
1130 1378 1188 1457 os),

440 1600 580 1660 nauem
604 1601 636 1643 a.
654 1601 687 1645 u.
704 1601 731 1645 c.
749 1597 815 1661 7043
840 1601 872 1645 s.
888 1602 916 1648 c.
933 1601 986 1661 ⁶⁰3
1002 1602 1077 1646 aar.
1094 1602 1154 1645 crs.
1171 1602 1213 1648 cc.

275 1794 314 1844 M.
334 1794 419 1845 Cicero
439 1793 470 1851 Q.
489 1793 597 1844 Thermo
614 1810 714 1859 propr.
734 1793 809 1846 Asiae
828 1795 920 1861 gratim
937 1795 997 1862 agit,
1017 1797 1084 1860 quod
1102 1794 1236 1846 liberaliter
1250 1802 1379 1847 uastaret
1394 1795 1433 1845 M.

226 1876 377 1937 Marcilium,
390 1876 422 1926 ab
433 1891 511 1941 ecque
521 1874 585 1939 petit
594 1882 625 1927 ut
635 1891 719 1927 socrus
729 1876 783 1928 eiua
793 1892 836 1927 rea
847 1892 878 1927 ue
888 1878 942 1928 fiat.

567 2076 700 2133 CICERO
718 2076 875 2132 THERMO
893 2077 964 2133 PRO
983 2078 1039 2133 Ple.
1058 2080 1086 2134 S.

294 2237 377 2305 Cum
391 2241 496 2305 multa
515 2238 598 2305 mihi
617 2242 713 2325 grata
732 2242 819 2318 sunt,
841 2260 924 2324 quae
946 2245 984 2304 tu
1001 2240 1160 2307 adductus
1180 2262 1254 2306 mea
1275 2260 1435 2305 commen-

230 2344 360 2410 datione
383 2344 499 2424 fecisti,
522 2349 593 2409 tum
618 2342 655 2407 in
679 2341 803 2428 primis,
825 2342 913 2427 quod
934 2340 982 2408 M.
1004 2341 1200 2423 Marcilium,
1225 2342 1319 2408 amici
1339 2345 1436 2427 atque

229 2447 417 2533 interpretis
453 2448 519 2513 mei
559 2447 674 2526 filium,
715 2444 939 2512 liberalissime
975 2446 1164 2512 tractavisti.
1208 2444 1311 2512 Venit
1348 2445 1436 2510 enim

231 2549 425 2616 Laodiceam
447 2555 480 2616 et
500 2549 562 2616 tibi
584 2551 672 2635 apud
693 2571 746 2615 me
766 2548 912 2635 mihique
933 2554 1118 2636 propterte
1138 2549 1260 2636 gratias
1278 2549 1436 2614 maximus

231 2655 308 2741 egit.
354 2654 430 2727 Qua
444 2677 489 2734 re,
505 2656 592 2741 quod
605 2653 767 2740 reliquum
787 2658 846 2734 est,
867 2675 888 2718 a
904 2658 1040 2739 tapete,
1058 2655 1212 2740 quonism
1226 2653 1314 2739 apud
1327 2654 1437 2739 gratos

230 2757 377 2825 homines
391 2758 582 2824 beneficium
597 2757 700 2844 ponis,
721 2761 760 2822 ut
774 2778 812 2823 eo
827 2754 982 2823 libentius
995 2756 1036 2822 iis
1050 2758 1231 2823 commodes
1245 2777 1437 2842 operamque

231 2861 297 2941 des,
318 2862 425 2945 quoad
447 2861 527 2927 fides
547 2864 606 2928 tua
630 2861 783 2947 patietur,
810 2864 849 2926 ut
875 2882 982 2926 socrus
1004 2860 1213 2926 adolescentis
1233 2883 1289 2925 rea
1307 2882 1349 2925 ne
1367 2859 1436 2925 flet.

232 2963 306 3050 Ego
330 2986 403 3029 cum
428 2968 525 3029 antea
548 2964 689 3029 studiose
718 2962 984 3030 commendabam
1008 2962 1204 3044 Marcilium,
1233 2969 1306 3030 tum
1333 2963 1437 3028 multo

232 3090 319 3133 nunc
342 3068 526 3148 studiosius,
552 3066 640 3153 quod
664 3067 700 3131 in
722 3067 823 3154 longa
845 3067 1046 3154 apparitione
1064 3067 1263 3154 singularem
1284 3071 1318 3132 et
1338 3087 1439 3153 prope

232 3170 455 3238 incredibilem
484 3171 587 3258 patris
615 3168 757 3236 Marcilii
787 3171 895 3251 fidem,
928 3170 1158 3238 abstinentiam
1184 3170 1439 3256 modestiamque

232 3296 379 3362 cognom.

265 3448 810 3564 supparia]2qhelpeapivalplfthTehI30uaCep,
879 3451 1022 3567 ἄρξαι)
1038 3448 1164 3565 pegasis]
1208 3449 1280 3499 ‘how
1301 3464 1353 3515 you
1373 3448 1440 3499 have

232 3528 296 3561 earn
352 3532 391 3563 .v.
433 3552 440 3576 ,
483 3555 489 3575 ,
542 3532 603 3564 ,0.
668 3529 810 3563 uremrns
990 3531 1066 3567 ewm
1092 3533 1113 3565 r.

236 3577 322 3627 Cicero
333 3579 361 3627 of
372 3580 479 3639 Clodms,
498 3532 547 3628 anlll
562 3581 639 3629 hence
651 3580 683 3628 he
694 3580 763 3628 dates
773 3579 814 3629 his
862 3531 878 3578 p

237 3642 311 3691 letter
328 3643 363 3708 by
377 3644 419 3693 the
437 3645 540 3694 number
559 3644 587 3694 ol
605 3647 637 3694 da
655 3660 667 3693 s
686 3643 754 3693 since
770 3644 815 3694 the

237 3706 295 3771 frey
306 3706 333 3755 in
345 3708 427 3757 which
440 3708 472 3758 he
490 3709 539 3758 lost
555 3708 596 3758 his
615 3661 669 3770 lile,
684 3708 767 3758 which
781 3708 814 3759 he
899 3710 1060 3776 THERMO]
1093 3727 1131 3775 cp.
1154 3710 1225 3760 Fam.
1247 3707 1302 3758 xiii.
1324 3710 1365 3770 53,
1388 3707 1440 3772 Ep.

235 3770 370 3836 sportively
378 3774 438 3821 calls
448 3773 491 3822 tha
503 3774 579 3823 battle
588 3774 617 3823 of
623 3773 737 3833 Leuctra,
745 3790 772 3822 as
780 3772 814 3824 he
862 3789 954 3825 ccxxx.

234 3835 284 3884 had
295 3836 395 3902 already
403 3838 481 3887 called
492 3838 513 3887 it
523 3839 566 3887 the
576 3839 654 3887 battle
665 3837 693 3887 of
701 3838 814 3889 Bovillae
895 3841 934 3889 II.
964 3839 1120 3906 Marcilium]
1153 3838 1268 3903 Nothing
1294 3837 1394 3888 further
1416 3837 1442 3888 is

236 3901 607 3966 (stt.v.1s‚1,Ep.eciii0).
642 3902 743 3952 Clodius
760 3918 812 3953 was
863 3903 1135 3955 knownofthiaman.

235 3964 336 4015 almucn
346 3965 403 4017 an.
416 3970 454 4029 18,
466 3970 512 4019 702
523 3970 590 4031 (52);
604 3967 647 4016 the
657 3968 714 4016 date
725 3968 754 4016 of
762 3967 812 4017 thia
895 3969 1059 4035 apparitione]
1094 3976 1173 4020 ‘term
1184 3968 1212 4019 of
1222 3966 1334 4018 musice!

235 4030 309 4079 letter
329 4031 453 4082 therefore
476 4032 498 4082 ia
526 4033 587 4082 Feb.
613 4035 653 4088 23,
680 4032 726 4084 704
748 4032 809 4096 (50),
890 4034 1222 4099 fldan...mcdests'amqne]
1247 4030 1440 4096 ιιῐιιείννοτῒλιγ,

236 4094 371 4160 rechoniug
386 4099 415 4146 cl
423 4113 508 4147 course
516 4096 648 4161 according
658 4102 685 4146 to
699 4095 742 4145 the
753 4112 810 4159 pre·
863 4099 984 4148 unseldsh
994 4101 1044 4149 and
1055 4100 1217 4163 uuasauming
1228 4096 1384 4148 character’:
1397 4096 1441 4145 ab·

233 4158 321 4209 Julian
332 4161 454 4223 calendar,
470 4163 519 4212 aad
533 4161 683 4225 inclusively
693 4161 757 4210 after
768 4160 811 4211 the
861 4166 978 4213 armentia
984 4164 1081 4229 strictly
1087 4181 1171 4215 mecm
1180 4182 1195 4213 a
1203 4162 1348 4227 disposition
1356 4160 1442 4212 ahloh

233 4224 331 4274 Roman
343 4226 450 4276 fushion.
861 4227 1250 4295 isnotgraapingorrapacicus.
