3150 5109
442 450 636 517 OOXOIII.
663 449 779 534 (Ars.
811 450 890 519 VII.
915 451 962 538 93).
1246 450 1312 517 267

100 627 134 694 5.
169 624 282 693 Redeo
314 627 357 692 sd
384 647 464 692 rem.
524 624 599 697 Quo
628 625 723 690 modo
753 623 977 711 exspeotabam
1005 625 1184 712 epistolam,
1214 648 1312 712 quam

103 729 286 797 Philoxeno
317 728 476 796 dedisses!
531 726 711 815 Soripssras
749 729 838 794 enim
866 728 901 793 in
932 750 971 794 ea
1000 751 1067 796 esse
1096 730 1136 795 de
1166 750 1311 794 sermone

103 833 253 920 Pompeii
266 832 494 920 Neapolitano.
518 831 604 898 Eam
618 831 700 898 mihi
711 831 812 898 Patro
823 830 1003 898 Brundusii
1016 833 1174 898 reddidit:
1193 830 1312 918 0000]-

102 960 169 1017 ras,
183 941 223 1003 nt
237 936 360 1023 opinor,
376 939 550 1023 aoeeperat.
594 934 690 1002 Nihil
704 935 812 1022 potuit
827 956 894 1001 esse
908 934 1090 1002 iucundius.
1128 935 1212 1002 Erat
1225 935 1314 1002 anim

103 1041 146 1106 de
164 1063 200 1107 re
222 1039 360 1126 publiea,
382 1040 422 1105 de
444 1039 595 1125 opinione
614 1061 713 1125 quam
732 1041 761 1105 is
778 1039 829 1106 vir
848 1038 982 1105 haberet
999 1039 1198 1126 integritatis
1212 1061 1312 1119 meae,

100 1144 146 1210 de
160 1142 385 1210 benevolentia
398 1165 496 1229 quam
516 1143 658 1210 ostendit
679 1165 716 1210 eo
739 1166 884 1210 sermone
899 1166 996 1230 quom
1011 1143 1126 1208 hahuit
1141 1143 1181 1208 de
1196 1143 1313 1208 trium-

103 1246 180 1333 pho.
225 1247 290 1313 Sed
312 1251 424 1313 tamen
447 1244 508 1312 hoo
532 1246 811 1329 iucundissimum,
836 1248 922 1334 quod
947 1247 1096 1312 intellexi
1117 1250 1150 1312 te
1175 1247 1218 1312 ad
1239 1267 1315 1312 eum

103 1349 241 1429 venisse,
256 1354 295 1415 ut
309 1350 379 1416 eins
393 1350 539 1416 animum
553 1372 632 1437 erga
652 1373 705 1416 me
721 1350 926 1437 perspioeres.
970 1349 1047 1416 Hoo
1061 1350 1154 1431 mihi,
1168 1348 1314 1435 inquam,

99 1453 222 1520 aooidit
235 1453 513 1520 iuoundissimum.
559 1455 589 1520 6.
613 1452 665 1521 De
677 1453 842 1542 triumpho
859 1458 967 1521 sutem
983 1454 1076 1520 nulla
1089 1476 1142 1520 me
1157 1453 1316 1540 eupidites

104 1578 261 1644 umquam
275 1558 381 1623 tenuit
397 1563 473 1624 ante
487 1556 602 1625 Bibuli
624 1558 921 1645 impudentissimas
938 1557 1073 1639 litteras,
1090 1580 1170 1644 quas
1184 1557 1314 1643 amplis-

104 1662 185 1728 sime
205 1662 396 1749 supplioatio
419 1666 588 1729 oonseoute
613 1666 670 1728 est.
715 1662 750 1728 A
772 1685 836 1748 quo
861 1661 889 1727 si
912 1683 951 1728 ea
977 1664 1070 1749 gesta
1093 1665 1208 1741 essent,
1232 1683 1316 1747 quae

102 1764 242 1852 scripsit,
272 1767 448 1853 gauderem
477 1770 511 1831 et
540 1764 657 1832 honori
685 1766 847 1832 faverem:
878 1787 967 1831 nuno
989 1765 1093 1846 illum,
1118 1765 1175 1851 qui
1200 1766 1316 1851 pedem

105 1874 211 1953 porta,
238 1871 345 1956 quoad
366 1869 468 1936 hostis
497 1869 541 1936 eis
570 1869 773 1955 Euphratem
803 1869 878 1948 fuit,
908 1891 976 1935 non
1006 1869 1169 1949 extulerit,
1194 1867 1316 1935 honora

104 1972 230 2059 augeri,
245 1995 309 2053 me,
323 1973 359 2038 in
374 1973 465 2038 ouius
479 1973 622 2039 exeroitu
637 1996 727 2060 spem
741 1973 831 2039 illius
842 1974 1000 2039 exereitus
1008 1972 1133 2050 habuit,
1149 1972 1236 2038 idem
1250 1994 1317 2038 non

103 2076 241 2162 adsequi
265 2077 402 2142 dedeous
428 2081 477 2144 est
505 2081 663 2157 nostrum,
694 2081 852 2157 nostrum,
883 2076 1018 2163 inquam
1043 2078 1078 2142 te
1106 2075 1314 2163 coniungens.

108 2178 228 2264 Itaque
243 2179 352 2245 omnia
367 2181 514 2268 experiar
528 2184 571 2262 et,
587 2185 625 2247 ut
644 2202 746 2267 spero,
767 2182 933 2267 adsequar.
979 2179 1076 2252 Quod
1091 2181 1119 2245 si
1133 2184 1172 2246 tu
1185 2179 1316 2259 valeres,

106 2282 175 2348 iam
211 2282 293 2349 mihi
322 2286 480 2370 quaedam
510 2286 678 2371 explorata
714 2288 830 2351 essent.
876 2282 951 2365 Sed,
982 2287 1021 2350 ut
1051 2305 1155 2370 spero,
1185 2282 1316 2350 valebis.

107 2387 140 2451 7.
164 2383 217 2452 De
233 2387 426 2453 raudusoulo
444 2387 647 2455 Numeriano
667 2389 810 2454 multum
836 2393 869 2453 ts
892 2410 974 2453 amo.
1019 2386 1217 2454 Hortensius
1238 2387 1319 2473 quid

104 2489 215 2574 egerit
228 2512 308 2556 aveo
322 2491 412 2573 seire,
428 2490 509 2558 (lato
524 2490 602 2578 quid
625 2496 714 2577 agat,
738 2492 796 2577 qui
818 2491 951 2577 quidem
972 2491 1008 2557 in
1029 2512 1082 2556 me
1101 2490 1239 2575 tmpiter
1254 2489 1320 2557 init

109 2593 296 2660 malevolus.
349 2593 452 2660 Dedit
480 2595 689 2681 integritatis,
718 2594 872 2676 iustitiae,
904 2595 1102 2674 elementiae,
1131 2595 1208 2660 fidei
1237 2593 1319 2659 mihi

108 2697 343 2778 testimonium,
370 2699 458 2784 quod
485 2722 553 2765 non
582 2698 794 2786 quaerebam:
827 2700 914 2786 quod
937 2697 1151 2785 postulabam,
1174 2697 1317 2784 negarit.

107 2800 231 2888 Itaque
248 2801 365 2868 Caesar
380 2803 422 2869 iis
434 2802 562 2884 litteris,
578 2802 696 2889 quibus
715 2803 798 2869 mihi
817 2803 1001 2890 gratulatur
1018 2806 1051 2868 et
1065 2801 1175 2868 omnia
1188 2800 1319 2886 pollioe·

110 2911 175 2985 tur,
198 2927 262 2991 quo
287 2908 384 2972 modo
409 2907 550 2973 exsultat
570 2906 703 2974 Catonis
724 2907 760 2973 in
782 2929 836 2973 me
859 2904 1071 2993 ingratissimi
1087 2904 1225 2970 iniuriat
1270 2903 1319 2971 At

110 3009 200 3075 idem
221 3008 342 3075 Bibulo
366 3010 493 3076 diemm
515 3032 572 3076 xx.
618 3011 755 3099 Ignosoe
780 3011 871 3092 mihi,
891 3033 958 3076 non
983 3031 1113 3097 possum
1135 3008 1213 3074 haeo
1233 3007 1319 3075 ferre

111 3135 172 3179 neo
186 3112 300 3180 feram.
346 3114 377 3178 8.
402 3113 505 3200 (inpio
530 3115 573 3181 ad
595 3137 705 3181 omnes
730 3121 804 3182 tuas
826 3115 986 3200 epistolas,
1008 3114 1065 3179 sed
1084 3111 1168 3178 nihil
1193 3134 1319 3178 neeesse

105 3222 168 3283 est.
211 3215 288 3283 Iam
309 3217 396 3283 enim
415 3221 449 3284 te
470 3218 595 3286 videbo.
640 3219 732 3286 Illud
753 3224 864 3285 tamen
889 3218 929 3285 de
954 3216 1155 3303 Chrysippo:
1177 3238 1255 3281 nam
1277 3216 1318 3281 de

107 3426 158 3493 lity
166 3426 266 3504 derives
271 3427 305 3504 its
315 3427 451 3493 obligation
461 3428 526 3479 from
534 3430 690 3506 the'interest
739 3446 779 3494 op.
797 3431 851 3480 111.
869 3429 914 3479 vii.
933 3432 956 3490 3,
974 3431 998 3504 9ξ
1014 3427 1063 3541 Ep.
1081 3426 1175 3478 coxoiw.
1204 3425 1260 3502 ‚But
1275 3427 1319 3503 the

109 3492 138 3542 of
154 3493 198 3542 the
213 3494 360 3555 rndrrrdnal,
378 3503 422 3545 not
432 3495 497 3546 from
513 3511 563 3559 any
575 3495 690 3545 mherent
741 3497 821 3546 words
832 3510 897 3545 seem
908 3499 935 3544 to
945 3493 976 3543 bs
989 3509 1017 3541 rn
1031 3508 1044 3542 0
1054 3508 1095 3542 oso
1106 3507 1245 3542 connexron
1256 3492 1319 3542 wrth

111 3557 290 3607 sanction-do
308 3563 353 3607 not
369 3574 410 3609 see
426 3559 482 3610 1101
496 3559 538 3609 the
555 3567 615 3625 type
630 3560 689 3625 they
739 3561 809 3610 what
821 3559 931 3609 follows:
950 3558 976 3607 ‘I
988 3563 1056 3607 want
1066 3564 1093 3607 to
1103 3557 1178 3607 know
1188 3556 1257 3607 what
1268 3557 1319 3608 line

107 3637 151 3671 ara
173 3621 313 3686 describing
329 3623 351 3672 is
372 3633 417 3673 not
432 3624 487 3674 1101
503 3624 531 3674 of
549 3624 626 3674 moral
644 3640 688 3674 ex·
740 3625 891 3676 Hortensius
908 3624 953 3673 has
969 3623 1044 3673 tahan
1063 3638 1095 3671 on
1115 3622 1158 3671 the
1176 3622 1275 3686 subject
1291 3621 1319 3672 of

108 3686 217 3737 oallence
228 3686 274 3737 but
284 3687 312 3737 01¹
322 3688 427 3753 worldly
437 3689 559 3739 wisdom.'
740 3707 782 3754 my
806 3688 925 3803 triumph,
949 3688 998 3737 and
1019 3687 1088 3735 what
1113 3686 1135 3736 is
1156 3687 1199 3737 the
1220 3691 1320 3749 present

142 3754 167 3801 1.
185 3750 298 3817 decimu]
334 3755 478 3804 ‘entrusted
494 3755 529 3819 hy
545 3770 596 3820 you
611 3760 638 3804 10
658 3755 687 3803 P.
739 3756 875 3805 attitudeo
904 3753 973 3814 Cato,
995 3751 1053 3802 who
1074 3751 1119 3801 has
1135 3751 1223 3801 shown
1246 3767 1318 3801 soun-

107 3832 200 3881 asyon
210 3816 261 3865 told
273 3816 332 3867 me!
368 3817 689 3870 Suebistheforoeofthe
740 3819 854 3884 dalously
865 3820 912 3868 bad
923 3816 1017 3881 feeling
1027 3817 1134 3867 towards
1145 3817 1204 3867 me'

109 3881 279 3945 subjunctive.
771 3884 922 3959 dammas]
952 3899 986 3933 so.
1002 3883 1317 3946 supplicationemdsoreott.

143 3944 342 4013 6.(0001100100]
377 3950 488 4011 granted,
505 3949 579 3998 woted
592 3949 635 3998 ‘in
647 3949 690 3999 the
740 3950 763 3998 A
791 3949 956 4013 supplicatim
978 3948 1006 3998 of
1034 3951 1065 3997 20
1088 3948 1150 4011 days
1172 3961 1224 3995 was
1246 3946 1319 3995 twice

109 4017 176 4060 most
194 4010 328 4061 handsome
347 4014 423 4078 way!
456 4016 624 4075 Amplissima,
647 4014 690 4063 110
740 4015 815 4064 votad
842 4013 870 4062 in
896 4014 993 4063 honour
1015 4012 1043 4062 of
1065 4012 1175 4061 Ouesar's
1202 4010 1319 4060 victorias

106 4075 176 4140 conj.
190 4076 218 4125 of
233 4075 302 4135 Pius,
316 4078 399 4128 would
414 4077 596 4142 gissebetter
610 4094 690 4140 sense,
740 4077 768 4128 in
792 4078 865 4139 Gaul,
889 4078 920 4128 Β.
947 4079 977 4127 G.
1004 4077 1039 4127 iv.
1067 4080 1112 4135 38;
1143 4075 1187 4125 vii.
1219 4077 1257 4123 90.
1293 4074 1319 4124 lt

110 4140 157 4190 but
172 4140 257 4190 would
272 4147 316 4192 001
331 4143 395 4192 have
411 4143 474 4193 been
493 4144 623 4207 corrupted
638 4145 692 4193 1010
740 4159 819 4194 seems
834 4159 894 4256 werp
912 4147 1010 4206 strange
1026 4143 1082 4192 that
1096 4141 1140 4191 the
1150 4156 1212 4204 very
1222 4138 1319 4203 trifling

108 4207 264 4268 amplissime.
741 4209 847 4259 servioes
863 4223 878 4258 0
909 4206 1014 4257 Bibulus
1029 4206 1118 4257 should
1133 4205 1197 4255 have
1213 4204 1276 4254 been
1292 4219 1320 4254 so

144 4273 168 4323 7.
187 4272 333 4320 Hortensius
349 4274 410 4334 quid
424 4271 511 4339 egerit]
544 4288 579 4323 so.
598 4274 627 4322 do
642 4289 691 4321 mse
740 4271 1063 4337 hendsomelyreoognised.
1097 4270 1148 4344 But
1157 4269 1179 4318 11
1190 4269 1274 4345 would
1288 4268 1320 4319 be

110 4336 245 4396 triumpho.
291 4336 380 4386 Others
395 4338 454 4388 take
472 4338 542 4387 these
561 4340 641 4388 words
662 4353 689 4387 ss
740 4337 1115 4402 rashtooonjeotureinaoase
1126 4333 1246 4383 hlethrs.

110 4400 272 4476 refsningto
288 4401 331 4451 the
346 4408 523 4467 testamentary
532 4403 647 4468 bequests
662 4402 690 4452 of
772 4406 797 4453 8.
817 4402 960 4469 Chrysippo]
994 4401 1154 4451 Afreedmau
1173 4399 1202 4448 oi
1222 4398 1316 4460 Cioero,

109 4463 269 4527 Hortensrus,
281 4465 359 4531 lately
373 4468 496 4529 deceased,
509 4469 558 4518 and
573 4468 615 4519 the
631 4483 687 4533 pro·
739 4473 766 4519 10
776 4468 859 4518 whom
871 4466 956 4517 Cioero
968 4466 1018 4516 had
1031 4465 1079 4517 assi
1114 4466 1145 4515 ed
1160 4464 1203 4515 the
1219 4464 1282 4529 duty
1293 4465 1321 4514 01

107 4530 226 4596 ooedings
237 4531 313 4581 taken
323 4531 460 4596 byhisson
470 4533 497 4583 in
509 4547 688 4598 oonsequenoe:
739 4532 854 4598 personal
872 4532 1017 4584 attendente
1036 4481 1124 4581 00110
1143 4544 1188 4579 son
1207 4529 1316 4594 Meroua,
