3150 5109
648 419 779 485 254
1303 417 1818 486 CCLXXXJV.
1867 414 2098 499 (ΔΤΥ.
2158 414 2319 483 VII.
2365 415 2457 500 1).

648 593 784 673 bas,
815 596 1100 671 ἐπίτηκτο
1127 592 1413 659 fuerunt.
1504 592 1566 656 6.
1615 588 1831 663 Quam
1856 611 1992 656 non
2020 591 2117 654 est
2145 586 2353 655 facilis
2380 587 2636 654 virtus!
2687 608 2877 673 quam
2901 609 3026 655 mo

650 696 929 763 difficilis
958 696 1095 762 eius
1123 696 1433 763 diuturna
1474 695 1838 762 simulatio!
1932 692 2102 759 Cum
2142 693 2316 758 enim
2357 691 2479 758 hoc
2520 696 2781 759 rectum
2819 695 2880 757 et
2909 691 3021 777 glo-

649 800 892 867 riosum
921 804 1237 886 putarem,
1283 823 1366 866 ex
1409 821 1626 865 annuo
1662 801 1946 885 sumptu,
1978 797 2094 884 qui
2119 796 2282 862 mihi
2309 797 2607 863 decretus
2635 800 2821 874 esset,
2845 818 2940 861 me
2960 795 3019 861 G.

652 903 868 970 Caelio
888 903 1210 989 quaestori
1227 903 1587 989 relinquere
1615 923 1925 981 annuum,
1954 899 2192 967 referre
2219 899 2292 966 in
2320 900 2647 965 aerarium
2671 900 2756 964 ad
2776 898 2907 965 HS.
2926 919 3026 979 cm,

650 1006 974 1094 ingemuit
1002 1008 1221 1071 nostra
1250 1006 1491 1087 cohors,
1534 1027 1722 1072 omne
1764 1004 1935 1070 illud
1971 1008 2209 1092 putans
2247 1002 2547 1069 distribui
2588 1003 2719 1069 sibi
2757 1007 3021 1089 oportere,

651 1114 730 1176 ut
758 1132 880 1195 ego
910 1109 1172 1176 amicior
1199 1109 1523 1175 invenirer
1537 1107 1882 1195 Phrygum
1911 1111 1978 1174 et
2000 1106 2275 1173 Cilicum
2303 1107 2565 1173 aerariis
2596 1128 2799 1193 quam
2822 1109 3021 1172 nostro.

652 1214 784 1280 Sed
822 1236 926 1279 me
969 1235 1102 1279 non
1147 1216 1510 1280 moverunt.
1599 1210 1781 1279 Nam
1827 1215 1895 1278 et
1941 1234 2088 1278 mea
2134 1212 2277 1277 laus
2325 1212 2501 1298 apud
2546 1234 2660 1277 me
2711 1210 3018 1296 plurimum

653 1317 900 1385 valuit:
945 1339 1064 1383 nec
1099 1321 1316 1382 tamen
1360 1316 1714 1402 quidquam
1747 1314 2094 1382 honorifice
2133 1315 2207 1381 in
2245 1338 2640 1402 quemquam
2681 1314 2821 1381 fieri
2852 1314 3021 1401 potuit

655 1422 829 1508 quod
857 1419 1409 1506 praetermiserim.
1498 1418 1629 1485 Sed
1656 1418 1814 1486 haec
1841 1418 2061 1497 fuerit,
2093 1422 2169 1485 ut
2208 1419 2302 1484 ait
2341 1419 2783 1504 Thucydides,
2820 1418 3021 1501 ἐκβολὴ

655 1523 866 1608 λόγου
896 1546 1028 1590 ιιοιι
1055 1523 1325 1589 inutilis.
1389 1524 1452 1589 7.
1485 1521 1592 1590 'I'u
1617 1527 1837 1590 autem
1861 1524 1941 1589 de
1963 1527 2181 1590 nostro
2203 1527 2379 1588 statu
2396 1522 2755 1608 cogitabis:
2786 1522 3019 1610 primum

656 1650 786 1715 quo
844 1627 1112 1694 artificio
1169 1632 1470 1695 tueamur
1534 1626 2052 1694 benevolentiam
2120 1626 2426 1706 Caesaris,
2487 1628 2734 1693 deinde
2790 1628 2866 1692 de
2915 1626 3024 1712 ipso

654 1732 1009 1819 triumphe,
1070 1754 1260 1818 quem
1318 1732 1526 1812 vide0,
1586 1731 1716 1797 nisi
1785 1732 1880 1797 rei
1948 1729 2243 1817 publicae
2317 1736 2614 1817 tempora
2687 1729 3022 1817 impedient,

659 1837 1056 1921 εὐπόριστον.
1145 1834 1373 1903 Iudico
1416 1840 1636 1902 autem
1676 1856 1822 1901 cum
1859 1857 1941 1901 ex
1981 1834 2216 1900 litteris
2243 1834 2595 1900 amicorum
2623 1837 2774 1899 tum
2812 1856 2888 1899 ex
2909 1855 3020 1919 sup-

659 1939 1024 2028 plicatione,
1065 1961 1261 2026 quam
1304 1938 1418 2025 qui
1454 1961 1587 2004 non
1627 1938 1927 2018 decrevit,
1969 1938 2117 2024 plus
2162 1937 2460 2017 decrevit,
2501 1960 2707 2023 quam
2759 1938 2813 2003 si
2848 1957 3024 2003 omnes

660 2045 974 2110 decresset
1002 2042 1382 2129 triumphos.
1471 2041 1561 2108 Ei
1591 2064 1779 2129 porro
1822 2044 2128 2107 adsensus
2167 2046 2265 2108 est
2291 2064 2460 2107 unus
2492 2041 2839 2106 familiaris
2863 2062 3022 2118 meus,

660 2146 1012 2227 Favonius,
1044 2146 1207 2211 alter
1234 2146 1458 2226 iratus,
1489 2144 1755 2212 Hirrus.
1846 2144 2007 2212 Cato
2048 2149 2266 2211 autem
2293 2149 2359 2211 et
2388 2144 2732 2211 scribendo
2762 2143 2954 2210 adfuit
2975 2147 3026 2209 st

663 2251 750 2317 ad
775 2272 881 2315 me
921 2250 1002 2315 de
1047 2251 1365 2315 sententia
1403 2272 1520 2317 sua
1565 2250 2056 2316 iucundissimas
2101 2249 2347 2315 litteras
2386 2249 2584 2315 misit.
2680 2249 2812 2315 Sed
2845 2253 3020 2313 tamen

662 2353 1000 2440 gratulans
1049 2352 1214 2419 mihi
1266 2352 1499 2419 Caesar
1543 2355 1624 2420 de
1682 2353 2148 2440 supplicatione
2200 2352 2563 2439 triumphat
2611 2353 2697 2419 de
2755 2350 3023 2418 sententis

665 2456 949 2538 Catonis,
993 2480 1113 2523 nec
1154 2456 1373 2523 scribit
1408 2456 1566 2543 quid
1604 2457 1716 2523 ille
1751 2458 2108 2524 sententiae
2152 2457 2409 2536 dixerit,
2454 2457 2567 2523 sed
2604 2460 2881 2534 tantum,
2906 2476 3019 2539 sup-

662 2560 1081 2648 plicationem
1139 2582 1288 2626 eum
1345 2560 1509 2625 mihi
1566 2582 1700 2626 non
1758 2560 2126 2626 decrevisse.
2226 2562 2290 2626 8.
2338 2560 2559 2627 Redeo
2620 2561 2709 2626 ad
2769 2558 3019 2625 Hirrum.

666 2663 983 2751 Coeperas
1014 2686 1161 2729 eum
1189 2663 1353 2728 mihi
1384 2663 1672 2749 placare:
1703 2662 1973 2750 perfice:
2017 2662 2214 2730 habes
2245 2663 2553 2744 Scrofam,
2576 2663 2781 2730 habes
2797 2662 3021 2737 Silium

666 2769 751 2833 ad
780 2790 887 2833 eos
916 2789 1036 2853 ego
1067 2767 1261 2832 etiam
1293 2771 1484 2831 antea
1523 2766 1765 2853 scripsi,
1807 2771 2024 2849 scripsi
2049 2770 2134 2833 ad
2155 2768 2368 2854 ipsum
2389 2767 2695 2834 Hirrum.
2787 2766 3027 2833 Locutus

666 2871 842 2937 enim
894 2875 1032 2935 erat
1075 2891 1222 2935 cum
1265 2868 1368 2935 his
1411 2872 1759 2951 commode,
1804 2893 1870 2937 se
1914 2873 2195 2957 potuisse
2237 2872 2571 2958 impedire,
2616 2873 2735 2938 sed
2774 2868 3022 2943 noluisse,

667 2975 1013 3040 adsensum
1035 2977 1256 3038 tamen
1286 2995 1417 3038 esse
1439 2970 1693 3054 Catoni,
1724 2975 2106 3040 amicissimo
2134 2999 2299 3057 mec,
2331 2999 2474 3042 cum
2494 2977 2551 3041 is
2567 2970 3023 3042 honorificentis-

668 3078 900 3144 simam
918 3077 990 3142 in
1017 3099 1123 3143 me
1153 3076 1539 3142 sententiam
1557 3077 1843 3157 dixisset,
1874 3100 1993 3144 neo
2020 3101 2127 3146 me
2156 3081 2240 3145 ad
2259 3101 2326 3145 se
2347 3080 2511 3145 ullas
2530 3080 2783 3145 litteras
2808 3074 3024 3151 misisse,

668 3260 833 3325 rently
866 3259 1011 3325 solid)
1044 3259 1234 3309 virtues
1267 3258 1431 3309 which
1465 3259 1827 3323 distinguished
1990 3261 2041 3316 7.
2077 3261 2391 3329 ebs-opinor]
2463 3266 2478 3291 ‘
2491 3261 2739 3311 feasible!

669 3328 755 3377 the
777 3328 990 3376 conduct
1011 3324 1065 3374 of
1087 3342 1172 3389 my
1186 3325 1301 3373 staff
1313 3330 1368 3374 at
1387 3324 1473 3374 the
1494 3331 1659 3375 outset
1670 3325 1725 3375 of
1738 3341 1827 3391 my
1979 3329 2098 3389 plue
2126 3330 2324 3376 decrevit
2420 3327 2512 3377 See
2546 3327 2689 3376 Fam.
2725 3341 2808 3375 xv.
2837 3323 2864 3372 5
2886 3320 2966 3370 aud
2984 3320 3022 3374 ὅ,

669 3396 992 3457 government
1011 3406 1139 3439 were
1162 3405 1293 3439 mere
1315 3390 1593 3452 veneerinq,’
1618 3391 1827 3454 adapted
1923 3389 2052 3455 Epp.
2078 3391 2275 3453 cclxvi„
2295 3409 2348 3442 cc
2405 3391 2566 3452 xviii„
2584 3392 2685 3440 and
2703 3392 2810 3439 Att-
2831 3387 2908 3437 vii.
2929 3387 2965 3443 2,
2985 3385 3019 3440 72

668 3458 749 3505 for
770 3456 925 3516 show,
950 3461 1040 3504 not
1058 3454 1361 3504 intendedto
1381 3455 1707 3504 last—which
1723 3471 1827 3505 was
1923 3456 1967 3505 E
2007 3493 2020 3505 .
2059 3457 2250 3506 ccxciii.
2320 3456 2515 3507 Caelius
2557 3456 2799 3505 describes
2835 3452 2911 3502 tho
2943 3453 3023 3512 μή
3090 3470 3091 3509 ;

670 3521 845 3571 shown
877 3521 910 3569 b
967 3520 1055 3570 the
1088 3535 1333 3568 murmurs
1365 3519 1419 3570 of
1449 3520 1529 3569 his
1554 3520 1685 3581 staff,
1712 3520 1826 3570 who
1922 3474 2074 3571 talen
2101 3522 2168 3586 by
2203 3521 2385 3571 Hirrus
2419 3522 2518 3571 and
2554 3520 2804 3571 Favonius
2836 3517 2887 3567 in
2915 3513 3018 3564 Em-

670 3585 887 3647 thought
944 3586 1073 3633 icero
1094 3584 1270 3633 should
1290 3584 1417 3633 have
1435 3584 1634 3634 divided
1647 3600 1827 3649 among
1922 3585 2031 3637 viii.
2061 3590 2136 3647 11,
2164 3590 2211 3646 2,
2239 3587 2330 3650 Ep.
2355 3586 2552 3636 cclxvii.

670 3650 808 3699 them
841 3649 926 3698 the
970 3664 1080 3697 sum
1122 3651 1348 3699 reserved
1392 3649 1460 3715 by
1492 3650 1599 3699 him
1629 3649 1710 3699 for
1739 3649 1827 3700 the
1991 3652 2259 3712 triumphat
2279 3650 2358 3716 de]
2399 3650 2592 3700 ‘exults
2612 3665 2729 3699 over
2751 3645 2904 3698 (3αωί
2922 3643 3019 3692 voto'
3090 3696 3091 3707 γ

671 3713 840 3779 publio
861 3719 1105 3777 treasury.
1925 3714 2119 3778 against
2171 3715 2257 3765 the
2310 3715 2635 3778 supplication
2687 3715 2741 3763 in
2785 3712 2951 3761 honour
2982 3702 3022 3753 of
3090 3710 3091 3717 ’

740 3782 788 3827 6.
826 3780 1015 3837 ἐκβολὴ
1049 3777 1230 3844 λόγου]
1298 3776 1455 3827 Thuc.
1504 3776 1541 3827 i.
1578 3778 1657 3837 97,
1711 3778 1830 3828 ‘but
1928 3778 2113 3839 Cicero,
2152 3780 2319 3830 which
2351 3780 2416 3829 he
2453 3779 2669 3843 thought
2703 3776 2861 3829 would
2890 3768 3022 3823 det-eh
3090 3792 3091 3819 ι

674 3858 775 3907 you
797 3850 930 3891 must
950 3842 1066 3891 look
1086 3858 1151 3891 on
1171 3841 1273 3891 this
1293 3858 1348 3892 as
1369 3859 1400 3892 a
1415 3842 1685 3907 digression
1698 3842 1829 3893 from
1929 3844 2097 3893 Cicero
2120 3845 2245 3894 from
2258 3844 2345 3894 the
2358 3844 2624 3908 Pompeiau
2638 3843 2757 3893 side.
2806 3841 2855 3890 It
2867 3846 3026 3902 uppem

673 3908 759 3958 the
782 3909 916 3956 main
937 3907 1132 3970 subject
1156 3908 1210 3956 of
1231 3924 1317 3972 my
1336 3907 1497 3969 letter,
1522 3906 1715 3972 though
1743 3915 1831 3957 not
1925 3908 2056 3958 from
2090 3910 2195 3959 Att.
2221 3909 2309 3959 vii.
2339 3912 2386 3971 2,
2415 3912 2460 3970 7,
2497 3909 2595 3972 Ep.
2631 3906 2836 3965 ccxciii„
2867 3920 2894 3952 α
2917 3902 3021 3950 [6318

674 3972 890 4022 without
916 3972 982 4021 its
1013 3988 1100 4022 use
1135 3971 1327 4031 either,’
1365 3988 1419 4021 as
1448 3975 1489 4021 it
1520 3971 1683 4036 might
1714 3972 1830 4035 help
1928 3973 2131 4023 written
2166 3974 2338 4039 nearly
2373 3990 2403 4023 a
2436 3973 2611 4024 mouth
2648 3973 2777 4022 aiter
2808 3969 2911 4027 this,
2943 3963 3021 4013 ὼ*
3090 3991 3091 4035 5

674 4037 873 4087 Atticus
893 4043 945 4087 to
967 4036 1109 4086 make
1139 4052 1208 4100 up
1239 4036 1319 4085 his
1343 4036 1482 4085 mind
1503 4037 1641 4086 what
1660 4037 1832 4087 advice
1930 4037 2102 4087 Cicero
2124 4038 2415 4103 completely
2430 4039 2654 4102 changed
2675 4038 2751 4087 his
2771 4033 2895 4085 mind
2911 4030 3022 4079 ahma
3090 4036 3091 4061 ³

674 4108 729 4152 to
752 4102 883 4165 give.
936 4100 1043 4151 The
1063 4101 1189 4150 later
1211 4102 1370 4151 words
1389 4102 1468 4150 for
1490 4105 1679 4161 ἐκβολή
1702 4117 1832 4151 were
1927 4102 2013 4151 the
2038 4103 2244 4153 motivas
2266 4103 2430 4154 which
2456 4104 2687 4153 actuated
2707 4101 2838 4160 Cato,
2868 4095 2947 4147 and
2961 4106 3016 4141 re·
3090 4126 3091 4149 ι

680 4168 907 4228 διέξοδος,
943 4170 1262 4230 παρέκβασις.
1330 4165 1477 4227 Hdt„
1503 4165 1573 4216 iv.
1603 4169 1681 4227 30,
1718 4182 1832 4216 uses
1934 4168 2117 4231 garded
2135 4168 2223 4218 the
2245 4184 2411 4218 course
2434 4167 2599 4217 which
2621 4168 2686 4217 he
2706 4165 2816 4216 took
2826 4179 2882 4212 ,υ
2899 4160 3019 4228 sntqt

680 4233 950 4295 προσθήκη,
998 4232 1097 4280 and
1140 4232 1415 4294 παρενθήκη
1459 4233 1618 4293 λόγου
1669 4230 1713 4280 is
1772 4235 1835 4281 ‘a
1932 4230 1988 4281 of
2017 4247 2145 4295 open
2177 4233 2382 4297 enmity,
2417 4238 2505 4283 not
2541 4249 2607 4282 an
2636 4230 2832 4295 implied
2870 4220 3022 4285 mph-
3090 4236 3091 4239 ’

679 4295 972 4359 digression'
1010 4297 1065 4343 in
1091 4296 1180 4344 vii.
1222 4297 1331 4347 171.
1400 4295 1506 4345 The
1534 4300 1684 4345 terms
1713 4297 1835 4345 used
1932 4304 2083 4358 ment,
2116 4313 2171 4347 as
2193 4298 2315 4348 Cato
2337 4297 2521 4347 wished
2549 4304 2602 4348 to
2624 4290 2922 4360 representit,
2947 4282 3019 4335 ⁸⁸⁸³
3090 4281 3091 4321 ³

679 4359 747 4423 by
784 4359 1078 4419 Quintilian,
1112 4360 1186 4408 iii.
1222 4363 1268 4420 9,
1306 4365 1353 4419 4,
1392 4376 1475 4409 are
1503 4362 1703 4423 cyrenio
1736 4362 1835 4411 and
1933 4377 1987 4410 as
2017 4362 2188 4414 Cicero
2212 4364 2268 4413 in
2292 4362 2393 4414 this
2424 4363 2572 4413 lette-r
2601 4376 2798 4426 appears
2823 4366 2870 4409 to
3090 4362 3091 4370 ’

680 4439 903 4483 excessus,
939 4424 1102 4474 which
1137 4425 1300 4487 latter,
1336 4424 1400 4475 he
1436 4440 1565 4488 says,
1605 4428 1835 4475 usitatim
1931 4426 1991 4477 it.

677 4502 774 4536 oue
794 4490 963 4548 eoepit.
