3150 5109
212 377 260 442 re
579 373 736 441 ccxvi.
763 372 885 459 (ran
910 372 990 440 rr.
1015 372 1061 455 s).

212 789 370 860 CCXVI.
403 789 572 857 CICERO
589 789 648 856 ΤΟ
670 785 865 856 MARCUS
881 785 1168 853 MARCELLUS
1184 786 1286 873 (Fau.
1303 809 1360 853 xv.
1377 789 1421 872 e).

448 996 550 1055 sm,
566 997 598 1040 Δ.
616 996 650 1041 U.
666 996 693 1039 C.
712 992 781 1056 7033
807 996 836 1040 Β.
856 995 882 1039 C.
900 994 954 1054 513
976 993 1052 1037 ΔΕΤ.
1068 994 1129 1038 010.
1145 993 1187 1040 55.

268 1171 306 1221 Μ.
319 1171 404 1223 Cicero
414 1172 452 1224 Μ.
465 1173 583 1224 Marcello
598 1173 737 1238 gratulatur
753 1175 783 1224 de
799 1174 883 1224 fratris
898 1172 1017 1238 patruelis
1033 1171 1162 1223 eonnssstu
1178 1187 1206 1222 ao
1216 1170 1279 1236 petit
1293 1170 1325 1221 ab
1341 1186 1379 1231 eo,
1392 1186 1424 1219 aa

219 1253 346 1317 provincia
355 1254 403 1305 sibi
413 1261 564 1319 prorogetur.

414 1453 453 1508 Μ.
473 1453 603 1509 CICERO
621 1452 765 1508 Paocos.
785 1454 813 1507 S.
833 1452 867 1506 D.
886 1453 925 1507 Μ.
944 1452 1141 1508 MARCELLO
1157 1452 1229 1508 COS.

287 1604 317 1668 l.
341 1601 389 1668 Te
404 1607 437 1669 et
450 1602 581 1688 pietatis
594 1601 630 1667 in
644 1607 718 1668 tuos
732 1607 766 1668 et
780 1600 882 1667 animi
902 1601 938 1667 in
952 1624 1020 1667 rem
1035 1601 1198 1686 publicam
1212 1605 1245 1667 et
1260 1599 1427 1667 clarissimi

221 1710 319 1790 atque
333 1706 448 1791 optimi
462 1705 646 1772 consulatus
669 1705 706 1772 C.
722 1704 878 1772 Marcello
898 1706 1027 1772 consule
1044 1706 1130 1771 iacto
1151 1706 1294 1771 fructum
1308 1702 1428 1790 cepisse

222 1808 429 1875 vehementer
451 1810 586 1894 gaudeo.
630 1808 709 1875 Non
730 1808 845 1875 dubito
872 1809 952 1896 quid
974 1815 1157 1895 praesentes
1179 1808 1341 1875 sentiant:
1369 1829 1429 1873 nos

221 1912 354 1998 qrridem
368 1912 540 1998 longinqui
560 1916 593 1978 et
614 1934 634 1977 a
655 1912 773 1999 teipso
793 1913 884 1979 missi
905 1915 941 1979 in
961 1914 1093 1979 ultimas
1114 1918 1228 2000 gentes
1247 1914 1290 1979 ad
1304 1912 1429 1978 caelum

222 2014 403 2080 mehercule
420 2022 447 2079 te
462 2015 606 2081 tollimus
619 2016 793 2082 verissimis
808 2040 845 2083 ao
859 2016 1042 2083 iustissimis
1052 2016 1211 2082 laudibus.
1250 2015 1340 2082 Nam
1355 2037 1429 2081 cum

222 2122 256 2183 te
271 2140 291 2182 a
305 2117 443 2203 pueritia
457 2121 515 2181 tua
530 2119 623 2185 unice
643 2120 812 2187 dilexerim
826 2125 927 2207 tuque
949 2143 1001 2187 me
1020 2120 1056 2186 in
1071 2119 1159 2186 omni
1174 2142 1292 2207 genere
1306 2141 1431 2204 semper

223 2222 459 2306 amplissimum
473 2242 540 2287 esse
555 2227 588 2287 et
603 2223 741 2289 volueris
755 2229 789 2290 et
803 2224 964 2305 iudicaris,
979 2229 1051 2290 tum
1065 2222 1126 2289 hoo
1140 2224 1192 2289 vel
1207 2228 1264 2289 tuo
1278 2223 1364 2289 iacto
1379 2221 1432 2287 vel

225 2325 338 2411 populi
352 2324 495 2391 Romani
511 2328 551 2391 de
570 2330 603 2392 te
625 2326 745 2394 iudicio
767 2329 873 2396 multo
889 2329 994 2395 acrius
1013 2328 1298 2413 vehementiusque
1317 2326 1430 2412 diligo,

224 2428 430 2514 maximeque
444 2430 568 2495 laetitia
582 2431 722 2511 adficior,
735 2432 858 2497 cumab
873 2431 1058 2498 hominibus
1071 2429 1328 2517 prudentissimis
1338 2428 1431 2493 airis·

225 2555 288 2619 que
298 2534 438 2620 optimis,
446 2535 594 2601 omnibus
603 2535 697 2601 dictis
705 2535 802 2602 factis
816 2537 931 2603 studiis
940 2537 1099 2602 institutis
1107 2535 1160 2601 vel
1170 2557 1222 2600 me
1233 2534 1283 2600 tui
1293 2533 1432 2599 similem

226 2660 294 2703 esse
309 2639 405 2705 audio
420 2640 473 2705 vel
494 2644 528 2705 te
546 2639 620 2706 mei.
666 2641 697 2705 2.
722 2638 839 2705 Unum
855 2662 930 2706 vero
950 2641 978 2705 si
994 2640 1087 2706 addis
1104 2640 1147 2705 ad
1165 2638 1433 2725 praeclarissimas

226 2763 278 2807 res
292 2742 476 2808 consulatus
489 2743 549 2824 tui,
568 2748 607 2809 ut
626 2751 682 2808 aut
704 2744 786 2808 mihi
806 2746 954 2811 succedat
968 2766 1067 2830 quam
1087 2744 1228 2829 primum
1246 2741 1362 2827 aliquis
1376 2744 1433 2804 aut

260 2941 369 2991 Thenas
380 2941 569 3005 putthislettar
580 2941 664 2992 before
674 2959 717 2993 xv.
731 2943 807 2995 land
856 2944 930 2993 when
952 2943 994 2993 the
1016 2943 1076 2992 time
1098 2943 1126 2992 of
1149 2941 1193 2991 the
1214 2947 1265 2990 two
1292 2939 1387 2989 actions
1413 2938 1436 2988 is

228 3007 330 3070 8,Epp.
344 3007 514 3065 ccxiv.‚ecxv.
549 3008 680 3057 Doubtless
693 3007 808 3057 allthree
857 3009 979 3069 different,
998 3024 1039 3058 see
1053 3008 1156 3070 Drdger,
1170 3007 1197 3055 ii.
1213 3005 1322 3069 §teas
1343 3004 1436 3068 (where

229 3086 293 3121 were
305 3071 404 3120 written
415 3086 448 3120 on
458 3071 501 3119 the
511 3087 577 3122 same
587 3073 636 3137 day
647 3072 806 3136 atasitting.
857 3074 927 3124 there
953 3091 994 3123 erc
1017 3088 1150 3121 numerous
1173 3070 1323 3133 excntples3
1352 3068 1436 3133 Roby,

230 3135 311 3185 There
332 3135 354 3184 is
380 3151 413 3184 no
438 3136 554 3198 practical
577 3152 663 3186 reason
686 3136 747 3186 then
768 3138 810 3187 for
859 3137 954 3199 litte,
969 3139 1018 3187 and
1030 3137 1093 3187 Reid
1103 3153 1142 3199 ap.
1152 3135 1242 3200 Mayor
1252 3151 1306 3184 cnr
1322 3169 1328 3182 .
1342 3133 1373 3182 D.
1383 3131 1434 3182 i.1.

230 3199 337 3264 altering
347 3199 391 3250 the
405 3201 476 3249 order
490 3201 637 3251 established
650 3201 684 3267 by
693 3201 809 3266 previous
892 3205 1025 3252 tonitribus
1045 3239 1052 3251 .
1075 3239 1081 3251 .
1103 3238 1110 3250 .
1132 3203 1231 3262 optimis
1273 3198 1352 3248 ‘from
1373 3204 1437 3246 most

224 3264 330 3314 Qffilffl·
858 3264 1333 3331 sensiblemenandexoellentjudges.'
1358 3262 1439 3311 'l'here

859 3348 937 3382 seems
952 3339 978 3381 to
994 3333 1025 3381 be
1040 3347 1073 3381 no
1090 3330 1234 3381 distinction
1249 3330 1308 3379 here
1324 3328 1437 3378 between

266 3397 289 3442 l.
309 3397 431 3455 pictatia.
447 3432 452 3443 .
468 3395 667 3462 .rempublicom]
703 3394 810 3460 ‘family
860 3397 986 3447 hamound
998 3400 1046 3445 sir.

231 3458 350 3509 marton
359 3460 407 3508 and
417 3459 532 3523 patriotic
542 3461 630 3524 spirit!
891 3465 979 3511 studiis
990 3458 1123 3525 institutis]
1138 3464 1146 3489 ‘
1152 3460 1245 3524 lihings
1253 3456 1436 3521 andpursuits)

267 3523 302 3589 te]
334 3524 443 3573 inserted
452 3524 487 3589 by
498 3525 602 3590 Kayser.
892 3529 930 3577 ccl
943 3544 979 3576 ose
990 3529 1027 3575 tut
1038 3528 1139 3575 attritam
1151 3542 1198 3574 esse
1211 3527 1282 3572 caelio
1290 3526 1327 3573 oet
1342 3529 1363 3571 te
1379 3520 1438 3587 sad]

264 3591 395 3638 coemeteria
416 3589 615 3656 uetustissimis]
657 3594 738 3640 ‘most
758 3590 809 3640 sin-
861 3587 1437 3656 cp.Brut.249,Quiddeabolendas)indt-

232 3669 286 3704 eere
296 3654 346 3703 and
356 3653 558 3704 well-deserved.’
859 3673 899 3706 cae
909 3674 976 3720 qsoesa
987 3673 1054 3718 saepe
1065 3658 1155 3704 audisti
1165 3659 1177 3705 ‚²
1201 3657 1265 3712 Qtstd
1272 3669 1346 3701 ostem
1358 3654 1439 3713 inquit

265 3719 449 3783 conplissimum]
478 3719 568 3769 ‘ofthe
576 3719 809 3770 widestinfluance.'
862 3722 976 3787 (Brutus)
989 3724 1039 3770 nisi
1049 3723 1084 3781 td,
1097 3723 1159 3783 quod
1168 3721 1297 3768 babituros
1307 3718 1440 3767 casinatem

266 3785 423 3833 tsmboeoel
437 3783 563 3862 tuososto]
596 3785 714 3849 ‘nowby
724 3801 811 3835 reason
863 3786 988 3837 tuitalso
1006 3789 1063 3846 250,
1081 3788 1236 3847 ltaquacum
1252 3783 1440 3832 castraserras

232 3848 262 3898 ol
278 3848 329 3898 this
347 3848 519 3898 aohievement
535 3854 562 3898 ot
581 3866 730 3914 yours—am
748 3850 762 3899 I
785 3857 813 3900 to
862 3853 963 3901 sterilem
976 3854 1002 3899 bs
1017 3853 1111 3899 cibando
1125 3852 1234 3906 sederim,
1248 3855 1300 3897 ttsm
1315 3862 1368 3896 cero
1378 3861 1441 3895 naeu

234 3913 283 3963 call
293 3913 375 3962 it-or
385 3914 528 3963 lavoutcble
541 3915 641 3977 opinion
658 3914 813 3965 entertained
863 3933 878 3965 a
889 3918 1024 3965 docticanae
1034 3918 1086 3964 oie-o
1097 3916 1210 3974 Cratippo
1222 3916 1365 3962 teotradum
1376 3914 1441 3960 cassu

234 3979 262 4028 of
278 3993 329 4042 you
346 3979 380 4043 by
396 3980 439 4027 the
456 3978 553 4028 ltoman
564 3980 657 4043 pecple,
672 3979 685 4029 Ι
703 3979 753 4029 feel
768 3996 813 4043 my
862 3985 930 4042 copia
941 3983 1016 4029 nsulto
1028 3981 1134 4029 ridebam
1145 3981 1293 4027 etnaliorem.

234 4042 611 4106 allectionloryouheightened
622 4045 811 4105 andinomased,
897 4050 921 4094 2.
940 4043 1021 4110 addis]
1062 4044 1111 4094 We
1131 4059 1173 4093 are
1190 4049 1234 4092 not
1252 4049 1278 4092 to
1300 4041 1395 4105 change
1416 4046 1443 4089 to

236 4109 285 4157 and
301 4123 341 4157 am
357 4108 509 4172 overjoyed‚’
523 4110 568 4159 dac.
604 4109 737 4171 forfacto,
750 4124 815 4173 your
864 4112 986 4158 addianis
997 4109 1059 4159 with
1072 4109 1225 4171 Wesenberg
1238 4108 1305 4172 (Eos.
1318 4108 1375 4154 Ab.
1388 4105 1441 4218 bty.

236 4188 333 4222 success
354 4172 382 4222 in
404 4174 501 4236 getting
526 4189 590 4237 your
611 4177 696 4223 cousin
719 4173 814 4223 elected
865 4174 891 4224 lt
909 4174 931 4223 is
949 4190 965 4223 a
981 4173 1043 4222 kind
1057 4173 1085 4223 of
1104 4172 1236 4247 epistolary
1255 4176 1362 4234 present.
1399 4174 1406 4198 ‘
1432 4169 1445 4217 f

233 4237 322 4287 consul
337 4238 372 4303 by
385 4254 448 4302 your
463 4238 594 4288 exertione.
630 4240 680 4289 For
695 4253 811 4301 Μαι·
863 4238 1265 4315 yonareoddingthisonethmg
1281 4234 1446 4300 (andllearn

235 4303 483 4366 pressingegenerol
497 4309 636 4366 statement,
651 4302 813 4366 followedby
865 4309 886 4353 1t
899 4303 1053 4368 afterwards)
1068 4302 1082 4351 I
1097 4303 1161 4352 shall
1175 4301 1304 4361 consider,'
1324 4301 1373 4349 tro:
1404 4315 1444 4362 cp.

237 4367 814 4433 tum‚expressingopertioularoase‚thesub·
868 4368 938 4418 Fam.
961 4386 987 4418 x.
1014 4372 1052 4430 11,
1077 4371 1101 4430 2,
1129 4367 1221 4433 quoted
1247 4366 1282 4430 by
1304 4364 1444 4423 Iobatem,

231 4431 350 4497 junctite
368 4432 444 4498 being
464 4435 525 4486 used
542 4433 569 4484 in
590 4434 634 4485 the
652 4449 705 4482 cum
724 4432 815 4496 clause,
867 4449 893 4498 p.
907 4436 948 4483 89.
