3150 5109
435 461 649 528 CCXXXII.
676 462 800 546 (Imm
824 463 932 531 XIII.
957 467 1025 551 55).
1267 463 1333 528 125

170 914 384 982 CCXXXII.
434 914 603 983 CICERO
626 915 684 983 ΤΟ
708 916 749 989 Q.
772 915 1012 985 MINUCIUS
1034 916 1277 999 THERMUs

371 1026 600 1095 Prorasxroa
621 1050 663 1096 os
684 1028 771 1096 Asrs
794 1029 897 1115 (Fau.
918 1052 996 1097 x111.
1019 1031 1075 1117 ee).

347 1256 481 1317 CILICIA,
504 1258 536 1301 Δ.
553 1257 587 1303 U.
604 1257 633 1300 C·
650 1251 717 1316 7033
742 1257 772 1301 B.
789 1258 817 1302 C.
833 1256 883 1319 613
906 1258 981 1303 ΔΕΤ.
997 1258 1059 1303 olo.
1075 1257 1117 1305 65.

176 1435 213 1487 Μ.
227 1435 313 1487 Cicero
325 1435 356 1494 Q.
369 1436 476 1487 Thermo
486 1452 531 1502 pro
542 1454 580 1502 pr.
592 1436 667 1489 Asiae
678 1438 834 1488 commendet
845 1437 883 1488 M.
896 1437 996 1502 Anneii,
1010 1437 1087 1503 legati
1106 1438 1154 1499 sui,
1175 1455 1232 1489 cum
1243 1444 1338 1491 ceteras

126 1534 166 1570 res
175 1524 231 1569 tum
242 1533 341 1569 comam
352 1517 505 1569 Ssrdianam.

467 1683 600 1741 CICERO
617 1684 773 1740 THERMO
791 1684 863 1741 PRO
881 1685 938 1741 PR.
959 1687 986 1741 S.

192 1858 222 1923 1.
245 1856 321 1923 Etsi
345 1856 428 1923 mihi
455 1858 567 1925 videor
594 1858 802 1941 intellexisse,
843 1880 917 1925 eum
945 1863 1052 1925 tecum
1077 1858 1200 1945 Ephesi
1230 1858 1271 1925 de
1299 1882 1337 1926 re

126 1959 174 2026 M.
200 1960 324 2026 Anneii
346 1961 449 2048 legati
473 1961 540 2027 mei
561 1962 688 2029 locutus
717 1986 800 2044 sum,
825 1967 859 2030 te
881 1963 983 2050 ipsius
1011 1986 1107 2029 cause
1129 1963 1335 2029 vehementer

126 2065 235 2131 omnia
248 2065 342 2145 velle,
357 2069 468 2131 tamen
483 2069 516 2132 et
526 2065 574 2131 M.
587 2065 756 2133 Anneium
770 2067 855 2133 tanti
867 2066 960 2148 facio,
975 2070 1014 2132 ut
1027 2066 1109 2132 mihi
1122 2066 1207 2133 nihil
1220 2071 1333 2153 putem

123 2169 446 2255 praetermittendum
458 2170 544 2254 quod
558 2169 647 2235 illius
660 2169 799 2251 intersit,
815 2175 847 2236 et
862 2192 914 2236 me
929 2193 949 2235 a
963 2174 996 2236 te
1010 2170 1096 2237 tanti
1106 2170 1176 2235 fieri
1190 2174 1279 2256 puto,
1294 2174 1333 2236 ut

123 2295 190 2338 non
205 2272 350 2339 dubitem
365 2272 445 2359 quin
466 2274 510 2339 ed
530 2277 622 2340 tuam
646 2274 849 2340 voluntatem
873 2297 1013 2361 magnus
1035 2273 1182 2340 cumulus
1203 2275 1333 2340 socedat

122 2376 409 2442 commendationis
424 2399 526 2442 meae.
568 2375 659 2442 Nam
672 2399 747 2442 cum
760 2377 828 2442 iam
843 2378 901 2443 diu
915 2378 1085 2463 diligerem
1099 2376 1148 2442 M.
1163 2376 1332 2442 Anneium

123 2482 226 2567 deque
248 2502 285 2546 eo
307 2481 352 2546 sic
373 2481 600 2562 existimarem,
626 2485 665 2546 ut
687 2503 738 2547 res
758 2481 908 2560 declarat,
927 2482 984 2567 qui
1007 2481 1093 2546 ultro
1111 2481 1141 2546 ei
1161 2479 1333 2546 detulerim

122 2583 330 2669 legationem,
349 2604 423 2648 cum
443 2582 557 2648 multis
583 2583 768 2670 petentibus
792 2584 1009 2671 denegassem,
1036 2588 1107 2649 tum
1129 2605 1204 2648 vero
1222 2586 1333 2668 postea

122 2708 221 2772 quam
236 2708 362 2752 mecum
376 2687 411 2751 in
425 2684 512 2751 bello
528 2688 626 2771 atque
639 2687 675 2751 in
694 2709 728 2752 re
749 2686 885 2751 militari
899 2686 975 2765 luit,
991 2690 1118 2752 tantam
1128 2685 1164 2751 in
1178 2708 1215 2751 eo
1229 2686 1332 2751 virtu·

121 2794 200 2868 tem,
215 2789 433 2875 prudentiam,
446 2788 544 2853 fidem
555 2791 745 2875 tantamque
761 2811 839 2876 erga
853 2812 905 2856 me
916 2788 1173 2855 benevolentiam
1187 2788 1334 2875 cognovi,

122 2897 162 2959 ut
175 2892 341 2959 hominem
355 2892 519 2958 neminem
541 2891 645 2979 pluris
660 2892 789 2959 faciam.
834 2892 923 2959 Eum
943 2915 1016 2958 cum
1036 2891 1202 2959 Sardianis
1215 2891 1335 2958 habere

123 2994 372 3063 controversiam
401 2995 480 3061 scis:
512 3017 643 3061 causam
668 2995 730 3062 tibi
759 2996 964 3083 exposuimus
994 2995 1133 3082 Ephesi:
1168 3018 1266 3081 quam
1294 3000 1334 3061 tu

124 3104 233 3166 tamen
256 3121 362 3165 eoram
388 3098 516 3164 facilius
541 3099 720 3184 meliusque
746 3122 925 3187 cognosces.
971 3101 1002 3166 2.
1025 3099 1078 3165 De
1102 3099 1226 3185 reliquo
1250 3099 1333 3166 mihi

122 3204 303 3270 mehercule
319 3204 376 3269 diu
390 3202 527 3268 duhium
543 3202 609 3267 fuit
624 3203 703 3289 quid
718 3203 761 3268 ad
775 3209 809 3269 te
823 3202 1027 3289 potissimum
1047 3203 1229 3269 scriberem.
1273 3202 1336 3269 Ius

123 3309 210 3374 enim
233 3330 330 3394 quem
354 3307 397 3373 ad
421 3307 555 3373 modum
582 3306 670 3372 dicas
696 3307 820 3374 clarum
849 3311 882 3373 et
906 3330 1027 3395 magna
1056 3329 1129 3372 cum
1154 3312 1212 3371 tua
1235 3306 1334 3373 laude

123 3415 237 3477 notum
251 3417 310 3478 est.
355 3410 460 3478 Nobis
473 3417 583 3477 autem
602 3411 639 3476 in
660 3410 722 3477 hac
741 3434 837 3479 cause
857 3410 942 3476 nihil
961 3411 1051 3476 aliud
1065 3432 1145 3497 opus
1159 3414 1207 3476 est
1222 3411 1286 3476 nisi
1298 3415 1335 3477 te

157 3619 181 3664 1.
198 3616 237 3664 ss.
249 3614 355 3682 Aeacii]
388 3613 705 3666 HevasoneoiCieero’s
738 3613 851 3664 material
882 3613 948 3664 after
974 3615 1082 3663 cumulus
1110 3614 1174 3663 need
1200 3630 1273 3666 esuse
1298 3630 1335 3665 no

124 3681 205 3743 lopati,
222 3695 238 3729 a
252 3680 352 3743 capable
362 3679 473 3745 military
484 3696 559 3729 man:
577 3697 617 3745 cp.
630 3680 701 3730 Fam.
737 3679 877 3745 difficulty:
895 3696 934 3743 op.
953 3678 1025 3729 Fam.
1043 3678 1098 3728 xiii.
1112 3680 1150 3741 15,
1165 3682 1194 3741 3,
1211 3684 1265 3730 stt.
1276 3679 1331 3731 xvi.

123 3743 176 3794 xiii.
196 3747 236 3805 57,
258 3749 280 3806 l,
302 3745 351 3809 Ep.
370 3744 462 3807 ccliv,
491 3762 535 3797 xv.
557 3750 582 3808 4,
607 3748 631 3808 8,
652 3745 702 3809 Ep.
739 3748 802 3807 3‚1.

124 3808 259 3860 ccxxxviii.
770 3807 825 3875 qui]
859 3808 922 3872 ,The
946 3823 993 3859 uss
1021 3806 1079 3873 gire
1103 3823 1171 3870 quae,
1200 3808 1284 3859 which
1310 3809 1335 3859 is

155 3876 332 3936 {primatos
347 3911 353 3923 .
368 3909 375 3922 .
388 3873 547 3963 mucello)
572 3873 703 3940 ‘thetyou
737 3873 856 3924 ordinaril
884 3873 977 3923 altered
992 3880 1018 3922 to
1034 3875 1115 3936 quod,⁸
1132 3873 1333 3923 butthiswonld

122 3954 188 3990 vvere
199 3954 261 4005 very
271 3938 346 3988 much
357 3936 528 3988 interestedin
551 3954 614 4003 :cp
629 3941 701 3991 Fam.
737 3938 835 4003 require
875 3941 927 3996 tuli,
946 3954 973 3987 es
988 3938 1034 3987 has
1050 3939 1112 3988 been
1126 3938 1228 4001 pointed
1243 3939 1333 4005 outby

122 4003 177 4053 xiii.
195 4008 234 4064 64,
253 4008 274 4065 l,
291 4003 339 4067 Ep.
357 4019 473 4065 ccxxxv,
490 4005 637 4053 vehementer
652 4007 704 4053 cius
737 4002 807 4053 Wes.
820 4004 887 4069 (Em.
903 4006 957 4063 122,
969 4003 1048 4066 note).

121 4084 192 4183 pausa
202 4084 285 4183 ciffi:
293 4084 345 4117 cum
352 4069 467 4128 intellexi,
478 4068 703 4198 aslightflqulitlearpg
737 4131 759 4182 L
770 4067 932 4183 sidquiaffi·
943 4068 987 4117 the
996 4066 1151 4181 ffltants
1167 4067 1195 4118 oi
1206 4067 1294 4119 Sardes
1304 4067 1331 4118 in

134 4148 211 4183 ormo
287 4149 399 4184 common
454 4148 602 4183 reseronoo
820 4169 826 4181 .
894 4148 985 4182 reare
1095 4149 1147 4181 ens.

121 4198 263 4262 pohteness.
407 4148 454 4197 exp
760 4149 898 4263 ycognosces]
934 4196 1047 4262 ‘inquire
1057 4196 1129 4247 into!

155 4261 443 4329 conmendacionem]
469 4261 542 4312 ‘that
552 4278 596 4327 my
605 4277 700 4312 recom-
770 4265 795 4311 2.
809 4262 974 4328 potissimum]
999 4261 1133 4327 ‘exactly.’
1169 4260 1333 4312 Cicero'sre·

121 4327 264 4378 mendation
281 4327 345 4377 shall
361 4327 433 4377 make
444 4326 538 4391 alarge
549 4325 660 4376 addition
676 4332 703 4377 to
737 4333 809 4391 quest
826 4342 876 4377 was
892 4326 1018 4391 evidently
1033 4327 1090 4377 that
1105 4326 1226 4376 'sires-mus
1243 4327 1332 4378 should

121 4407 186 4457 your
195 4391 408 4442 kindinterestin
423 4391 496 4441 him!
531 4391 616 4441 Baiter
631 4392 702 4443 reads
737 4407 809 4455 carry
828 4397 873 4441 out
896 4407 964 4441 some
992 4392 1162 4456 questionable
1181 4391 1332 4442 transaction

121 4459 316 4507 reamandum
326 4473 385 4517 mea,
396 4456 537 4521 comparing
549 4457 619 4505 Fam.
628 4455 664 4506 vi.
677 4459 701 4508 9.
736 4456 777 4506 for
799 4455 926 4515 Anneius3
959 4471 986 4506 so
1012 4456 1044 4506 he
1068 4473 1125 4521 says
1150 4456 1183 4506 he
1208 4456 1266 4506 does
1286 4465 1331 4507 not

122 4526 155 4581 ‘I;
182 4521 237 4572 xiii.
269 4524 309 4584 17,
333 4525 358 4574 2.
393 4521 445 4573 But
465 4521 517 4572 this
538 4521 648 4587 genitive
674 4520 703 4571 oi
736 4520 1203 4587 knovexactlyvhsttossytohim.
