3150 5109
489 479 688 547 corrui.
713 478 827 562 (arr.
859 480 896 547 V.
919 482 985 565 rc).
1299 481 1342 546 ro

131 654 349 723 certissimum
370 652 549 719 subsidium
571 658 620 719 est
641 651 754 719 hiems.
800 651 853 718 Ea
871 653 899 718 si
917 654 1043 720 venerit
1065 676 1125 719 nec
1145 654 1198 720 illi
1216 658 1293 719 ante
1306 653 1343 719 in

135 781 241 825 meam
262 757 463 844 provinciam
488 755 687 836 transierint,
714 778 819 821 unum
842 779 964 838 vereor,
991 780 1033 823 ne
1057 762 1188 824 senatus
1213 760 1346 844 propter

136 862 334 929 urbanarum
356 883 466 928 rerum
491 864 616 926 metum
640 859 835 946 Pompeium
863 861 947 926 nolit
976 861 1149 928 dimittere.
1195 861 1293 933 Quod
1318 861 1346 926 si

133 967 239 1034 alium
263 966 385 1032 adver
409 963 523 1044 mittit,
549 985 617 1029 non
641 962 763 1042 labor0,
785 962 880 1029 nobis
902 966 999 1030 modo
1021 964 1176 1052 temporis
1200 964 1347 1051 nequid

137 1075 339 1156 prorogetur.
384 1069 417 1133 2.
440 1067 535 1135 Haec
555 1068 668 1154 igitur,
685 1067 714 1133 si
728 1065 854 1133 Romae
875 1090 927 1133 es:
951 1068 1002 1134 sin
1024 1068 1100 1135 abes
1122 1069 1297 1135 autetiam
1319 1069 1347 1134 si

134 1174 224 1253 ades,
239 1173 319 1238 haec
338 1171 472 1259 negotia
486 1172 531 1238 sic
549 1194 582 1237 se
596 1170 739 1237 habent:
762 1175 887 1237 stamus
905 1172 1022 1237 animia
1040 1176 1083 1251 at,
1100 1174 1177 1258 quia
1192 1172 1346 1252 consiliis,

137 1282 176 1343 ut
189 1277 348 1356 videmur,
359 1275 453 1341 bonis
467 1276 601 1356 utimur,
617 1297 782 1361 speramus
798 1275 897 1341 etiam
911 1298 1030 1341 manu:
1046 1280 1119 1343 tuto
1134 1276 1347 1357 consedimus,

135 1379 265 1467 copioso
299 1403 319 1445 a
348 1379 524 1460 frumento,
554 1378 703 1444 Ciliciam
732 1400 832 1465 prope
868 1380 1094 1464 conspiciente,
1124 1381 1276 1467 expedito
1305 1382 1349 1446 ad

136 1484 332 1550 mutandum
353 1481 434 1560 loca,
456 1504 556 1568 parvo
578 1482 730 1559 exercitu,
751 1484 819 1563 scd,
840 1486 878 1548 ut
900 1506 1002 1569 spero,
1024 1485 1066 1549 ad
1087 1483 1347 1550 benevolentiam

135 1610 218 1674 erga
231 1609 291 1653 nos
305 1585 545 1652 consentiente:
568 1608 665 1671 quem
679 1608 739 1651 nos
753 1584 901 1652 Deiotari
916 1589 1060 1653 adventu
1074 1610 1147 1653 cum
1163 1587 1229 1652 suia
1243 1587 1346 1653 omni·

138 1690 200 1757 hus
222 1689 322 1776 copiis
345 1689 541 1775 duplicaturi
563 1711 700 1755 eramus.
744 1688 846 1756 Sociis
867 1692 971 1755 multo
993 1690 1191 1757 fidelioribus
1212 1691 1346 1772 utimur,

136 1817 237 1882 quam
260 1794 431 1880 quisquam
453 1816 531 1859 usus
556 1797 624 1859 est:
659 1792 777 1877 quibus
802 1793 1001 1860 incredibilis
1026 1796 1155 1861 videtur
1180 1800 1213 1862 et
1236 1799 1348 1861 nostra

138 1899 353 1964 mansuetudo
368 1901 401 1962 et
416 1896 622 1962 abstinentia.
652 1895 801 1962 Dilectus
815 1896 954 1963 hahetur
968 1898 1087 1965 civium
1102 1898 1345 1964 Romanorum:

138 2003 340 2069 frumentum
356 2024 396 2066 ex
410 2001 498 2087 agris
518 2001 554 2066 iu
574 2001 645 2066 loca
666 2003 740 2066 tuta
761 2006 991 2087 comportatur.
1036 2001 1072 2066 Si
1095 2002 1195 2067 fuerit
1215 2002 1347 2082 occasio,

139 2128 250 2183 manu,
266 2106 294 2171 si
306 2104 425 2185 minus,
440 2103 518 2170 locis
531 2125 591 2169 nos
610 2104 833 2170 defendemus.
879 2105 910 2168 3.
935 2105 1059 2176 Quare
1077 2105 1162 2170 bono
1178 2106 1287 2171 animo
1302 2129 1347 2172 es.

140 2208 246 2276 Video
261 2208 348 2273 enim
361 2213 393 2274 te
405 2212 447 2286 at,
458 2207 551 2293 quasi
562 2230 669 2272 coram
679 2208 775 2287 adsis,
786 2208 835 2273 ita
843 2230 938 2273 cerno
950 2208 1144 2290 συμπάθειαν
1159 2209 1276 2275 amoris
1287 2211 1346 2276 tui.

138 2312 206 2379 Sed
224 2317 258 2379 te
274 2335 363 2398 rogo,
382 2311 410 2377 si
428 2311 497 2377 ullo
518 2316 613 2398 pacto
635 2311 706 2377 fieri
720 2312 849 2398 poterit,
870 2312 898 2376 si
915 2313 1044 2398 integra
1059 2313 1095 2377 in
1110 2318 1224 2378 senatu
1239 2320 1350 2379 nostra

139 2438 237 2482 causa
251 2417 294 2481 ad
308 2415 385 2481 Kal.
402 2413 474 2480 Ian.
491 2414 655 2494 manserit,
671 2419 710 2480 ut
730 2414 855 2480 Romae
870 2414 913 2480 sie
933 2439 1043 2481 mense
1058 2416 1223 2482 Ianuario.
1269 2416 1348 2484 Pro·

141 2520 227 2587 fecto
241 2519 325 2585 nihil
340 2519 494 2605 accipiam
510 2518 658 2599 iniuriae,
674 2519 702 2583 si
724 2522 762 2583 tu
777 2519 892 2584 aderis.
937 2518 1071 2585 Amicos
1090 2520 1236 2585 consules
1251 2520 1348 2587 habe·

140 2646 223 2704 mus,
246 2630 392 2688 nostrum
414 2621 583 2687 tribunum
604 2622 649 2709 pl.
673 2621 846 2687 Furnium.
890 2620 1016 2689 Verum
1042 2625 1100 2686 tua
1121 2627 1171 2687 est
1192 2645 1273 2709 opus
1292 2624 1349 2689 ad·

138 2728 305 2807 siduitcte,
320 2726 503 2813 prudentia,
519 2727 634 2813 gratia.
680 2724 823 2812 Tempus
845 2728 893 2791 est
907 2725 1128 2790 necessarium.
1175 2725 1240 2790 Sed
1255 2731 1350 2813 turpe

140 2837 190 2899 est
205 2855 257 2898 me
271 2831 418 2917 pluribus
432 2828 538 2895 verbis
553 2851 649 2916 agere
662 2833 780 2895 tecum.
819 2830 851 2893 4.
875 2826 1043 2893 Cicerones
1057 2828 1161 2894 nostri
1175 2833 1252 2893 suut
1262 2832 1349 2914 apud

142 2937 344 3013 Deiotarum,
369 2935 436 3014 sed,
466 2933 495 2998 ai
520 2955 601 3019 opus
624 2933 696 3014 erit,
723 2933 926 2998 deducentur
952 2930 1117 2996 Rhodum.
1172 2930 1235 3012 Tu,
1262 2932 1291 2998 si
1316 2955 1350 2998 es

175 3161 307 3228 dimittere]
343 3165 384 3210 ‘tc
394 3160 430 3210 let
441 3161 471 3210 P.
482 3160 552 3211 leava
563 3160 660 3212 Rome.⁸
772 3161 828 3211 Mil.
850 3161 886 3210 iii.
909 3166 930 3223 1,
950 3164 980 3211 36
993 3161 1079 3226 (631);
1097 3177 1114 3209 a
1126 3163 1236 3222 meanis,
1249 3162 1309 3212 Aul.
1323 3166 1347 3224 2,

176 3233 200 3278 2.
219 3235 310 3276 alamur
320 3225 421 3291 anisnia]
439 3242 478 3289 cp.
496 3233 546 3274 stae
562 3231 642 3275 animo
655 3225 718 3277 Hor.
772 3230 796 3288 2,
810 3232 825 3277 9
838 3226 916 3291 (179).

142 3293 196 3344 snt.
204 3292 231 3341 ii.
241 3296 264 3353 3,
275 3295 331 3340 213.
359 3291 413 3340 'rho
423 3289 584 3354 meaningie:
606 3293 721 3342 ‘Waare
804 3295 910 3353 expedito
931 3292 964 3339 ad
984 3292 1123 3339 mutandum
1187 3292 1352 3344 ‘convenient

143 3354 719 3420 inexcellentspiritciortheimpcndingcam·
770 3356 813 3407 for
830 3356 932 3421 (readily
948 3356 1081 3420 admitting
1096 3355 1124 3404 oi
1152 3355 1246 3420 change
1261 3357 1290 3407 of
1305 3373 1352 3408 our

143 3420 721 3537 arcu...
921 3420 1348 3537 ³⁰2t⁰alht.tt¹¹l“‘t³¹‘¹·⁰·’

143 3501 485 3614 ohr'satsoftlchiration!
519 3502 722 3601 Desidiam
771 3502 1251 3602 tlsslm'l'litsstmattonsttuction’with
1266 3504 1350 3617 achat-⁵

144 3624 211 3667 must
229 3617 320 3680 supply
337 3623 402 3663 atara
422 3630 483 3663 nos:
506 3630 544 3678 cp.
567 3617 693 3676 Spero..
713 3651 720 3664 .
772 3615 844 3677 tiras,
863 3632 913 3681 ag.
929 3619 1025 3679 facilis,
1039 3615 1308 3677 difficilia,iscommon
1324 3617 1352 3665 in

145 3691 168 3731 tc
178 3686 228 3732 iam
238 3684 323 3741 valere,
337 3682 391 3729 Ast.
407 3678 443 3728 ri.
461 3682 484 3740 9,
505 3684 527 3741 l,
541 3679 589 3742 Ep.
600 3679 702 3728 clxxxii.
713 3696 719 3738 ;
773 3681 868 3730 Cicero.
905 3681 954 3730 For
963 3681 1004 3729 the
1016 3680 1111 3743 gerund
1123 3680 1185 3727 with
1197 3683 1230 3729 cd
1239 3682 1349 3743 depend-

144 3756 173 3826 ¹⁴!
184 3763 251 3809 spero
267 3746 310 3821 (ἸΙ
328 3761 368 3794 am
384 3744 468 3809 sure')
489 3750 514 3819 te
527 3745 589 3793 mihi
607 3747 723 3805 ι’ςιιοισσνσ
772 3744 817 3807 ing
827 3761 859 3792 cn
870 3760 885 3792 a
896 3745 1058 3819 substantive,
1071 3760 1110 3804 cp.
1124 3746 1351 3820 hceuadacyicer·

144 3808 721 3937 t&mitittttdt”tls
772 3808 1353 3936 fflihdtittl‘hhhl'lfhllff'agxiliss

144 3939 427 4016 ralitivetomcntalor
442 3938 556 4014 spiritual
572 3939 720 4016 confideres,
773 3937 1195 4014 arpumantamadscribendcm,ix.
1208 3942 1232 4000 7,
1246 3942 1271 3991 7.
1306 3940 1353 3989 Sec

144 4006 461 4131 hphsr'trnhcttttlahllmthh
483 4003 721 4126 hthaffltxtarhli:
774 4002 947 4133 Drtnxe‘chcslttft
962 4003 1024 4117 hylli.
1038 4003 1229 4117 lclohttcndant
1248 4066 1352 4118 circum·

144 4135 241 4199 though
250 4134 360 4196 implied,
373 4133 395 4183 is
409 4138 454 4183 not
467 4133 604 4208 expressed
628 4132 690 4208 Itis
696 4138 724 4182 to
773 4139 870 4182 stances
880 4133 930 4181 like
942 4133 1084 4196 infirmitate
1094 4133 1172 4182 above
1183 4134 1206 4197 (l
1222 4133 1253 4196 l).

145 4200 304 4251 beobserved
313 4200 369 4249 that
379 4205 406 4249 at
415 4198 458 4248 the
468 4199 516 4248 end
527 4197 615 4247 oftbrs
630 4204 724 4247 sectron
807 4200 831 4247 3.
849 4196 966 4310 canales}
997 4197 1050 4246 'lhe
1066 4204 1165 4260 present
1179 4197 1277 4247 consuls
1290 4197 1354 4248 elect

146 4281 228 4325 manu,
243 4262 723 4331 ‘byfcrcaofarms,’iscorrelatiretc
774 4261 805 4311 L.
815 4262 935 4311 Aemilius
967 4262 1048 4312 aulius
1059 4262 1349 4313 uudO.ClaudiusMar·

145 4332 212 4393 locis,
227 4330 277 4396 ‘by
286 4331 330 4381 the
340 4327 453 4391 strength
463 4327 491 4375 of
500 4341 547 4375 our
556 4326 682 4389 position)
774 4326 859 4376 callus.

179 4394 208 4463 a]
243 4400 291 4445 ‘on
300 4390 610 4455 theacoreof’2cp.dtt.
626 4391 644 4440 i.
660 4395 683 4452 l,
697 4395 721 4452 2,
805 4390 925 4457 nostrum]
967 4392 1088 4441 ‘devoted
1106 4397 1132 4440 to
1151 4392 1216 4441 me’:
1241 4408 1280 4456 cp.
1300 4409 1354 4441 aum

189 4475 252 4514 ,ιι
278 4475 316 4508 ιιι
332 4455 556 4520 17‚1‚Ep.1m;
577 4454 723 4517 vii.1c,s;
777 4463 932 4516 caturcum,
947 4456 1016 4506 Fam.
1029 4473 1072 4506 xv.
1086 4458 1110 4517 7,
1123 4457 1171 4519 Ep.
1184 4456 1264 4507 ccxiv.

147 4526 201 4575 viri.
213 4528 290 4589 14,1;
305 4523 402 4584 alsocp.
414 4523 443 4570 ab
453 4523 548 4585 inpendo
559 4527 631 4583 ronst,
641 4520 725 4571 Plaut.
812 4530 906 4584 tempus
917 4521 1086 4585 muscarium]
1123 4522 1261 4572 ‘acriticul
1270 4521 1351 4573 time!
