3150 5109
325 446 388 514 112
666 445 882 514 oensis
909 444 1032 530 (sau.
1057 446 1109 510 ιι.
1136 449 1183 527 r).

1542 702 1544 741 i

1542 750 1544 809 l

402 845 612 914 ccxxvn.
657 843 910 1014 orousoFuo
933 843 970 910 ο.
993 843 1273 912 senmourus
1297 843 1443 912 sunio
1542 934 1544 951 γ

810 950 820 1033 (
852 970 913 1013 su.
937 970 974 1014 11.
1000 951 1038 1026 7).
1543 956 1544 977 ³

437 1165 548 1209 ssoor
563 1165 610 1209 1v.
627 1164 674 1207 ru.
690 1163 775 1221 use,
791 1164 825 1206 A.
842 1163 875 1206 u.
892 1162 920 1206 c.
938 1161 1006 1219 7033
1031 1162 1061 1205 s.
1078 1162 1106 1206 c.
1123 1162 1174 1219 613
1200 1162 1273 1206 aar.
1289 1163 1349 1206 cro.
1366 1162 1410 1210 os.

369 1343 407 1394 M.
428 1342 514 1394 (litero
535 1343 565 1393 O.
586 1341 689 1393 Curioni
710 1340 866 1392 tribunatum
887 1341 1028 1405 gratulatur
1046 1340 1217 1406 hortaturque,
1241 1356 1273 1391 ne
1294 1340 1403 1391 aliorum
1424 1340 1509 1391 mn

320 1430 445 1492 sequatur,
468 1425 519 1485 ssd,
543 1425 609 1490 quod
626 1430 722 1474 reatum
744 1422 786 1484 sit,
810 1428 952 1473 constanter
972 1422 1060 1483 faeiat,
1080 1438 1143 1473 nere
1162 1423 1210 1472 sibi
1231 1422 1387 1486 provinciam
1402 1424 1510 1487 magui

320 1507 438 1572 potiatur.
472 1505 569 1570 Scripta
584 1505 687 1569 epistola
703 1510 741 1555 est
757 1504 784 1554 in
801 1503 887 1555 eastris
903 1504 969 1569 apud
986 1504 1169 1555 Pindenissum.

518 1696 557 1750 M.
577 1694 709 1750 CICERO
727 1694 804 1750 IMP.
825 1694 852 1748 S.
871 1694 909 1749 D.
930 1694 961 1749 O.
981 1694 1136 1750 OURIONI
1154 1694 1213 1750 ΤΒ.
1231 1694 1286 1749 PL.

387 1839 417 1904 l.
440 1836 520 1903 Sera
542 1834 719 1924 gratulatio
741 1835 935 1922 reprebendi
960 1858 1027 1902 non
1050 1836 1141 1915 solet,
1169 1837 1359 1923 praesertim
1384 1836 1412 1902 si
1435 1833 1511 1900 nulla

320 1939 527 2029 neglegentia
537 1939 762 2026 praetermissa
776 1944 844 2005 est:
867 1940 966 2027 longe
980 1940 1069 2006 enim
1083 1939 1208 2020 absum
1223 1940 1320 2006 audio
1332 1962 1415 2006 sero.
1457 1937 1509 2004 Sed

318 2043 381 2111 tibi
395 2049 428 2110 et
442 2043 587 2131 gratulor
608 2047 652 2123 et,
673 2046 712 2109 nt
735 2044 949 2128 sempiternae
974 2043 1067 2109 laudi
1088 2042 1149 2110 tibi
1173 2043 1217 2109 sit
1239 2044 1301 2110 iste
1322 2042 1507 2119 tribunatus,

319 2152 436 2234 exopto
449 2151 545 2232 teque
559 2146 679 2225 hortor,
690 2151 729 2212 ut
738 2147 848 2213 omnia
863 2146 1024 2232 gubernes
1038 2151 1072 2214 et
1088 2149 1253 2214 moderere
1268 2147 1509 2233 prudentistus,

318 2274 360 2317 ne
383 2255 416 2317 te
439 2250 590 2316 auferant
615 2249 755 2317 aliorum
786 2249 930 2316 oonsilio.
974 2249 1082 2317 Nemo
1106 2255 1155 2317 est
1179 2251 1237 2337 qui
1259 2250 1322 2317 tibi
1346 2250 1512 2336 sepiendus

318 2356 451 2421 suadere
466 2354 566 2440 possit
579 2358 613 2420 te
627 2353 717 2440 ipso:
740 2376 910 2440 nunquam
932 2354 1049 2435 labere,
1064 2354 1139 2420 site
1154 2354 1275 2421 audies.
1321 2353 1405 2421 Non
1424 2352 1511 2420 sanbo

317 2459 378 2526 hoe
400 2464 538 2526 temere:
569 2458 622 2524 oui
646 2456 786 2524 soribam
811 2458 931 2524 video:
963 2458 1040 2525 novi
1065 2458 1222 2538 animum,
1248 2460 1325 2523 novi
1355 2458 1511 2524 eonsilium

316 2568 432 2629 tunm:
459 2585 525 2628 non
548 2584 660 2628 vereor
687 2583 730 2627 ne
754 2561 836 2647 quid
857 2561 982 2641 timide,
1005 2584 1047 2628 ne
1072 2562 1152 2647 quid
1175 2561 1274 2628 stulte
1297 2561 1413 2641 facies
1437 2561 1463 2627 si
1483 2582 1512 2626 a

318 2666 481 2747 defendes,
505 2687 588 2752 quse
610 2665 680 2750 ipse
703 2668 794 2731 reeta
819 2687 887 2731 esse
912 2664 1039 2731 senties.
1084 2667 1115 2731 2.
1139 2664 1237 2738 Quod
1261 2668 1293 2729 in
1314 2664 1512 2752 reipublicae
1542 2696 1543 2701 ¹

316 2775 445 2856 tempus
467 2792 533 2835 non
552 2767 715 2848 inoideris,
741 2770 799 2834 sed
822 2767 1110 2835 veneris-iudioio
1132 2770 1220 2835 enim
1234 2773 1302 2849 tuo,
1317 2791 1388 2835 non
1403 2768 1513 2835 oesuin

317 2874 425 2959 ipsum
453 2872 624 2938 discrimen
665 2892 775 2937 rerum
810 2871 979 2939 oontulisti
1007 2871 1212 2938 tribunatum
1241 2872 1513 2959 tuum—profesto

317 2977 427 3042 vides:
451 2979 575 3061 quante
599 2975 649 3039 vis
671 2973 708 3040 in
730 2997 767 3040 re
791 2974 922 3060 publiea
949 2979 1132 3062 temporum
1154 2975 1207 3056 sit,
1233 2980 1358 3062 quanta
1390 2977 1514 3044 varietas

317 3101 436 3157 rerum,
452 3076 550 3164 quam
573 3076 689 3143 inserti
703 3078 820 3157 exitus,
845 3102 944 3165 quam
963 3077 1120 3145 flexibiles
1144 3077 1316 3144 hominum
1330 3080 1513 3155 voluntates

317 3183 399 3269 quid
423 3181 625 3261 insidiarum,
648 3180 728 3266 quid
751 3182 907 3249 vanitatis
928 3182 964 3248 in
986 3183 1056 3248 vita
1078 3203 1146 3249 non
1167 3181 1281 3248 dubito
1296 3183 1379 3269 quin
1394 3184 1512 3270 eogites

318 3286 393 3366 Sed,
418 3284 532 3352 amabo
555 3288 599 3363 te,
614 3307 692 3351 eura
706 3289 740 3352 et
754 3287 872 3372 oogits‚
888 3285 997 3367 Curio,
1018 3285 1104 3351 nihil
1123 3286 1211 3365 novi,
1238 3287 1295 3351 sed
1317 3286 1407 3352 illud
1428 3288 1514 3362 idem,

319 3391 406 3476 quod
420 3389 515 3455 initio
530 3388 662 3474 seripsi:
685 3391 794 3456 teonm
808 3391 948 3476 loquere,
960 3394 993 3456 te
1008 3389 1125 3456 adhibe
1139 3390 1175 3455 in
1189 3389 1373 3470 eonsilium,
1388 3396 1424 3457 te
1437 3391 1514 3466 audi.

318 3492 381 3560 tibi
401 3493 606 3578 obtempera:
629 3492 725 3558 alteri
745 3493 804 3579 qui
825 3494 941 3560 melius
964 3493 1134 3560 eonsilium
1147 3494 1225 3559 dsrs
1238 3494 1341 3580 possit
1354 3517 1458 3580 quam
1476 3499 1516 3570 ta

318 3618 384 3664 non
398 3596 494 3662 faoile
508 3594 648 3662 inveniri
662 3600 786 3681 potest:
809 3596 872 3663 tibi
894 3618 970 3664 vero
995 3597 1058 3684 ipsi
1081 3602 1166 3664 osrte
1179 3619 1275 3663 nemo
1289 3597 1411 3664 melius
1425 3596 1515 3664 dabit.

317 3814 896 3956 wsrrsmsnsssseso
944 3818 1201 3945 suess
1233 3817 1517 3949 :essese

316 3948 372 3997 Att.
384 3962 410 3996 v.
424 3950 464 4005 20,
479 3948 503 4003 3,
515 3944 563 4008 Ep.
576 3945 693 3995 ccxxviii.
945 3949 1002 3999 take
1012 3951 1034 3999 it
1044 3954 1070 3999 at
1080 3964 1096 3998 a
1106 3948 1183 3998 o1isis.

350 4018 383 4062 tr.
400 4011 453 4075 pl]
482 4009 536 4059 The
554 4009 666 4060 tribunes
676 4013 776 4062 entered
786 4027 820 4062 on
830 4011 896 4063 their
977 4020 1068 4076 quanta
1082 4013 1131 4079 ris]
1167 4011 1227 4062 ‘the
1244 4010 1312 4062 fores
1328 4012 1356 4061 in
1374 4012 1475 4076 politica
1494 4011 1518 4059 oi

316 4077 395 4137 offioe,
408 4076 470 4125 Dee.
485 4079 514 4124 10
537 4073 583 4136 (iv.
596 4074 636 4124 Id.
649 4074 732 4140 Dee).
944 4077 1215 4143 seizingthemoment,
1228 4075 1518 4141 theshiftingnatursel

353 4146 375 4191 1.
393 4142 506 4204 auferant
538 4146 545 4167 ⁴
634 4156 685 4205 you
699 4156 754 4189 awa
773 4144 790 4191 .’
944 4150 1039 4204 events,
1049 4142 1107 4192 how
1118 4140 1280 4191 inoaloulsble
1290 4141 1357 4191 their
1366 4142 1456 4201 issues,
1468 4142 1517 4191 bor

350 4211 374 4256 2.
392 4207 454 4268 quod
472 4207 498 4253 in
538 4203 587 4253 We
624 4220 670 4255 are
688 4157 772 4255 added
785 4209 813 4256 in
831 4206 895 4257 with
1053 4207 1093 4257 blo
1113 4206 1157 4256 the
1177 4205 1268 4255 wishes
1286 4205 1318 4255 of
1335 4222 1403 4268 men,
1428 4208 1462 4256 ull
1480 4206 1539 4275 ¹¹²&

316 4270 488 4334 Wesenberg(
539 4305 555 4330 .,
568 4285 610 4332 pp.
623 4270 663 4330 25,
677 4271 728 4333 26),
747 4270 832 4332 Klotz,
846 4272 895 4322 and
942 4276 1009 4321 mear
1027 4288 1071 4336 ery
1081 4272 1130 4320 and
1140 4270 1259 4320 falssness
1271 4270 1299 4319 in
1312 4269 1366 4335 lile,
1378 4272 1393 4321 I
1405 4271 1458 4322 leel
1468 4286 1517 4320 sure
1538 4280 1539 4285 ’

318 4335 410 4385 Baiter.
447 4336 519 4392 Quod,
531 4333 550 4383 i.
561 4349 584 4383 e.
597 4349 667 4396 quam
676 4350 758 4398 qraoe.
943 4352 994 4402 you
1004 4336 1068 4386 have
1078 4335 1153 4400 given
1163 4335 1271 4399 thought
1279 4334 1326 4385 to!

349 4402 463 4461 inipsum
473 4436 480 4449 .
491 4436 497 4448 .
508 4436 514 4448 .
525 4399 761 4465 trilunatumtuam]
775 4399 895 4464 ‘brought
975 4416 1033 4450 cura
1043 4408 1065 4448 et
1076 4404 1161 4463 cogita,
1177 4402 1248 4449 Uario
1294 4402 1446 4464 segitem,
1457 4399 1514 4450 nn.

316 4479 381 4530 your
397 4464 522 4514 tribunale
540 4470 567 4513 to
583 4463 641 4513 bear
658 4479 691 4513 on
705 4463 756 4514 this
773 4464 817 4514 the
832 4481 894 4541 very
944 4464 991 4514 See
1001 4465 1065 4514 Adn.
1079 4465 1141 4515 crit.
1182 4465 1253 4515 Possr
1279 4469 1342 4531 μυί
1355 4468 1431 4516 tbm'o
1441 4465 1517 4516 would

317 4528 387 4580 crisis
397 4529 425 4579 of
435 4545 481 4579 our
490 4527 604 4594 history!
639 4527 694 4578 The
705 4527 859 4593 implieation
871 4545 894 4580 rs
943 4529 974 4579 bs
984 4529 1073 4581 better.
