3150 5109
312 476 357 541 94
665 478 846 545 ooxxrr.
872 479 995 563 (reia
1020 480 1094 545 ΠΙ.
1120 481 1168 565 e).

313 650 428 718 diebus
449 674 541 719 meus
566 658 744 720 conventus
766 658 836 719 erat
850 651 1028 739 Apameae,
1044 651 1212 738 Synnade,
1234 652 1490 731 Philomelii,tuus
1541 649 1542 652 ’

313 754 434 823 Tarsi?
466 757 545 824 Non
555 758 661 824 dicam
675 757 780 844 plura,
796 780 848 838 ne,
863 757 900 823 in
910 758 974 844 q'uo
988 760 1023 824 te
1037 756 1217 842 obiurgem,
1234 758 1386 844 idipsum
1402 756 1490 823 viden

312 859 448 926 imitari.
494 860 586 927 Illud
601 862 717 943 dicam,
733 864 772 927 ut
786 860 890 928 sentio
902 884 910 925 τ
932 860 961 927 si
974 860 1047 943 ista,
1063 884 1146 947 quae
1157 862 1238 927 alios
1248 862 1335 948 loqui
1345 860 1428 939 dieis,
1439 860 1493 944 ipse

314 964 425 1044 sentis,
440 967 499 1030 tua
513 988 639 1031 summa
654 966 748 1050 culpa
762 970 831 1031 est:
854 964 905 1031 sin
920 968 1030 1031 autem
1045 965 1103 1031 alii
1116 968 1225 1032 tecum
1239 965 1316 1031 haec
1328 965 1491 1050 loquuntur,
1541 960 1542 997 ³

312 1071 373 1133 tua
390 1072 512 1148 tamen,
536 1071 624 1155 quod
649 1069 752 1149 audis,
777 1070 874 1155 culpa
896 1091 962 1135 non
985 1068 1078 1135 nulla
1101 1073 1161 1135 est.
1208 1069 1285 1135 Mes
1303 1071 1384 1135 ratio
1397 1071 1493 1133 intota
1541 1064 1542 1099 ³

313 1171 456 1238 amicitia
478 1181 590 1238 nostre
613 1177 762 1239 constans
787 1179 820 1239 et
845 1173 954 1260 gravis
982 1173 1170 1260 reperietur.
1217 1172 1315 1245 Quod
1338 1173 1365 1238 si
1386 1172 1437 1259 qui
1454 1192 1494 1237 me
1541 1168 1542 1187 ³

314 1274 504 1342 astutiorem
518 1276 625 1363 fingit,
634 1275 715 1361 quid
728 1280 836 1362 potest
846 1299 913 1342 esse
928 1277 1077 1344 callidius
1091 1301 1203 1364 quam,
1220 1300 1292 1344 oum
1306 1282 1340 1343 te
1354 1277 1493 1343 absentem
1541 1306 1542 1310 ¹

314 1400 440 1465 semper
465 1379 677 1460 defenderim,
703 1402 778 1446 oum
798 1380 1080 1466 praesertimmihi
1105 1404 1169 1448 usu
1195 1386 1369 1448 venturum
1386 1402 1494 1447 nonar·

313 1481 460 1563 bitrarer,
475 1486 514 1548 ut
529 1505 590 1569 ego
604 1505 731 1569 quoque
753 1506 774 1549 a
787 1486 822 1550 te
836 1483 951 1550 absens
966 1484 1192 1552 defendendus
1208 1508 1318 1565 essem,
1333 1508 1417 1551 nunc
1429 1505 1494 1549 oon·

312 1587 438 1666 mitere,
453 1592 491 1652 ut
505 1591 543 1652 tu
556 1587 626 1653 iure
641 1588 764 1673 optimo
778 1611 831 1654 me
846 1587 1013 1655 absentem
1028 1590 1173 1656 deserere
1188 1590 1319 1676 possis?
1349 1592 1379 1654 7.
1401 1587 1495 1653 Unum

313 1713 417 1777 genus
443 1691 566 1777 excipio
588 1691 753 1772 sermonis,
777 1692 813 1757 in
836 1715 901 1777 quo
923 1715 1076 1780 persaepe
1102 1694 1229 1779 aliquid
1243 1693 1370 1772 dicitur,
1386 1691 1496 1777 quodte

313 1800 427 1881 putem
440 1794 527 1860 nolle
542 1795 616 1876 dici,
640 1795 669 1860 ei
690 1799 747 1861 eut
768 1796 952 1883 legatorum
977 1800 1109 1863 tuorum
1135 1796 1277 1883 cuipiam
1301 1801 1360 1861 aut
1378 1793 1496 1882 praeiss-

312 1902 422 1965 torum
437 1903 495 1964 aut
513 1898 719 1964 tribunorum
739 1900 884 1967 militum
904 1901 990 1967 male
1011 1900 1152 1966 dicitur:
1176 1900 1264 1985 quod
1282 1903 1392 1964 tamen
1409 1898 1497 1984 ipsun

314 2023 382 2067 non
395 2002 577 2069 mehercule
592 2001 698 2068 adhuc
713 2002 830 2069 accidit
843 2025 897 2069 me
911 2004 1074 2082 audiente,
1089 2006 1128 2070 ut
1143 2008 1201 2069 aut
1215 2003 1349 2090 gravius
1364 2002 1498 2067 diceretur

314 2110 373 2172 aut
387 2105 443 2182 †in
457 2106 597 2192 plures†,
612 2128 711 2192 quam
726 2129 853 2173 mecum
868 2106 1027 2193 Corcyrae
1042 2107 1176 2173 Clodius
1187 2111 1235 2172 est
1250 2107 1387 2187 locutus,
1398 2104 1499 2171 cumin

315 2232 353 2276 eo
365 2231 482 2296 genere
496 2210 638 2276 maxime
649 2213 837 2294 quereretur
850 2216 883 2278 te
898 2212 1037 2278 aliorum
1050 2211 1260 2298 improbitate
1274 2211 1385 2276 minus
1395 2209 1498 2275 felicem

315 2312 425 2379 titisse.
470 2312 544 2378 Hos
567 2335 629 2400 ego
653 2335 823 2395 sermones,
846 2315 934 2400 quod
949 2319 982 2381 et
994 2314 1093 2380 multi
1108 2318 1186 2380 sunt
1201 2318 1234 2380 et
1250 2318 1345 2380 tuam
1359 2313 1499 2380 existima
1529 2309 1530 2312 '

314 2417 447 2498 tionem,
463 2421 501 2484 ut
515 2440 576 2502 ego
591 2420 705 2502 sentio,
728 2440 796 2484 non
811 2418 993 2499 offendunt,
1008 2417 1154 2484 lacessivi
1169 2439 1361 2502 numquam,
1378 2417 1433 2482 sed
1449 2436 1500 2480 nou

315 2520 410 2587 valde
424 2522 570 2607 repressi.
601 2521 638 2588 Si
652 2522 725 2608 quis
735 2525 784 2587 est
799 2520 856 2606 qui
870 2521 1034 2588 neminem
1048 2520 1209 2587 bonafide
1223 2521 1260 2586 in
1274 2520 1416 2607 gratiam
1427 2522 1499 2605 putot

314 2625 418 2690 redire
432 2646 534 2710 posse,
556 2647 624 2691 non
645 2630 790 2692 nostram
809 2624 838 2689 ie
851 2624 1021 2711 perfidiam
1035 2624 1193 2712 coarguit,
1208 2625 1266 2689 sed
1280 2624 1405 2690 indicat
1418 2643 1500 2697 suan,

314 2728 474 2815 simulque
496 2751 563 2794 non
585 2729 626 2794 de
649 2752 701 2795 me
716 2728 745 2794 is
759 2728 852 2815 peius
875 2750 974 2814 quam
997 2729 1038 2794 de
1059 2732 1093 2794 te
1116 2727 1293 2795 existimat.
1338 2726 1400 2793 sin
1413 2729 1501 2792 auten

315 2854 411 2918 quem
425 2854 499 2897 mea
512 2832 663 2898 instituta
676 2833 713 2898 iu
726 2832 893 2919 provincia
915 2854 982 2898 non
1002 2832 1163 2898 delectant
1178 2835 1212 2898 et
1226 2830 1371 2918 quadam
1385 2828 1501 2896 dissim-

313 2934 452 3001 litudine
476 2935 700 3002 institutorum
728 2957 876 3002 meorum
904 2958 942 3001 ao
970 2939 1102 3002 tuorum
1131 2934 1218 3001 laedi
1248 2957 1283 3001 se
1306 2938 1415 3021 putat,
1445 2953 1503 2998 oum

349 3196 420 3244 Tarsi
467 3211 505 3258 op.
518 3196 572 3243 Att.
585 3210 611 3244 v.
626 3196 664 3253 17,
678 3198 701 3253 6,
716 3192 763 3257 Ep.
776 3194 840 3244 coix.
944 3196 1005 3242 sidio
1018 3192 1097 3256 (Caes.
1116 3192 1147 3241 B.
1161 3192 1231 3242 G.v.
1251 3194 1291 3254 27,
1304 3192 1377 3255 t)’';
1395 3189 1505 3241 butilsc,

347 3263 411 3309 ratio
457 3259 599 3318 ‘conduct’
615 3258 756 3308 ‘attitude’
944 3257 1005 3324 why
1021 3264 1065 3308 not
1075 3260 1138 3317 arui,
1156 3273 1184 3306 es
1204 3257 1233 3306 in
1247 3257 1291 3306 the
1309 3273 1424 3307 common
1436 3255 1508 3319 phm

347 3322 471 3390 callidius]
504 3323 615 3373 ironicul.
645 3324 718 3373 Some
729 3324 820 3373 editors
831 3322 895 3372 have
945 3325 1000 3373 usui
1017 3339 1072 3383 erre,
1087 3322 1159 3372 Balb.
1175 3323 1228 3371 24?
1244 3338 1282 3385 op.
1296 3321 1380 3387 Roby,
1393 3321 1421 3371 ii.
1435 3320 1506 3384 pla,

314 3390 446 3455 suggested
460 3391 571 3449 calidior,
591 3388 772 3449 ‘botheeded,’
789 3389 895 3451 opposed
945 3404 992 3437 noa
1019 3387 1161 3449 arbitrarer,
1189 3386 1330 3437 concessivo
1357 3384 1507 3451 subjunctive

313 3461 341 3506 to
351 3459 499 3515 astutiorem,
514 3453 582 3503 ‘cool
592 3453 641 3502 and
652 3454 802 3517 calculating
811 3453 828 3509 ';
849 3453 896 3503 but
946 3452 1027 3518 Roby,
1043 3451 1055 3514 t
1070 3454 1141 3504 1730.

314 3520 359 3570 the
373 3535 417 3569 use
432 3519 459 3568 oi
473 3520 566 3567 calidas
579 3518 608 3567 in
622 3518 678 3569 that
688 3534 758 3568 sense
770 3518 793 3567 is
803 3517 894 3584 mostiy
979 3518 1003 3571 7.
1021 3516 1149 3582 inpleret]
1164 3519 1230 3566 ‘nor
1240 3515 1510 3580 directedagninstmore

315 3584 449 3634 connected
460 3583 523 3633 with
534 3586 667 3632 corollam.
701 3582 814 3633 Thereie
830 3583 896 3632 little
944 3581 1174 3633 thnnthosewhom
1183 3579 1511 3631 Clodiusreferredtoouous

315 3665 344 3699 or
354 3665 387 3698 no
398 3648 529 3697 differente
539 3648 567 3698 oi
577 3648 693 3712 meaning
704 3648 816 3698 between
828 3650 894 3696 oolli-
944 3647 1077 3697 occasion!
1112 3646 1163 3696 But
1177 3645 1221 3696 the
1235 3644 1511 3758 sentenceisrealppnppt⁸

315 3714 419 3763 durand
430 3719 534 3761 astutus.
944 3712 1029 3762 Latin.
1058 3711 1284 3775 Wesenbergfflm.
1293 3712 1351 3759 Ab.
1360 3728 1388 3774 p.
1396 3714 1431 3772 6),
1468 3707 1473 3718 '

348 3794 400 3853 carp
412 3777 568 3852 prosperior]
609 3777 675 3853 ‘apd
691 3776 746 3826 that
761 3776 893 3852 thougb';
946 3793 984 3827 wo
992 3777 1084 3852 should
1098 3777 1267 3827 readlttorr'ue
1278 3776 1319 3825 ior
1329 3778 1358 3824 in
1367 3779 1509 3837 plueramp·

315 3841 895 3969 edidicitchnrtttffse‘sst
945 3841 1286 3969 ffipffl
1303 3841 1511 3968 ertum

316 3978 340 4035 2,
355 3977 387 4033 3,
407 3971 470 4022 Sull.
484 3976 507 4032 6,
521 3972 570 4020 and
580 3971 644 4020 Reid
656 3973 688 4018 ad
699 3973 740 4020 loc.
946 3987 972 4020 v.
988 3974 1027 4031 19,
1050 3974 1074 4028 2,
1092 3971 1141 4034 Ep.
1160 3987 1231 4020 ccxx.
1272 3970 1364 4020 Others
1382 3971 1446 4019 bave
1463 3982 1511 4029 sig·

348 4054 394 4087 aru
408 4036 546 4102 venturum]
583 4035 681 4085 ‘would
694 4050 762 4085 como
777 4042 805 4084 to
819 4035 892 4099 pees,'
946 4037 1031 4099 geeted
1053 4037 1183 4098 imparitas,
1202 4035 1287 4085 which
1308 4050 1369 4099 may
1389 4035 1421 4084 bc
1440 4032 1510 4096 right:

315 4119 372 4167 opp.
383 4101 410 4151 in
421 4117 492 4177 sense
501 4107 528 4150 to
539 4104 689 4161 comeatum,
704 4106 747 4150 ‘to
757 4100 831 4163 bring
841 4098 895 4174 itte
946 4100 1043 4177 Appius
1052 4117 1111 4166 may
1121 4100 1186 4150 bave
1197 4100 1257 4150 used
1268 4116 1283 4149 a
1293 4105 1382 4163 strong
1391 4100 1464 4150 word.

315 4165 603 4297 mettere
617 4166 896 4295 tessere
980 4164 1145 4295 teret]
1170 4164 1297 4279 ret
1310 4164 1450 4294 ten
1466 4224 1514 4273 a

315 4297 439 4361 practice'
458 4297 503 4345 ‘in
512 4294 693 4407 experieuce'p,
707 4296 753 4344 but
763 4294 785 4344 it
795 4294 817 4343 ie
827 4293 897 4357 quite
946 4292 1033 4344 thinks
1050 4294 1106 4343 tbat
1119 4310 1153 4343 no
1171 4309 1218 4343 one
1236 4310 1284 4344 can
1299 4294 1422 4358 sincerely
1440 4298 1514 4341 mm

316 4378 343 4411 as
355 4362 433 4426 likely
444 4367 470 4411 to
481 4361 512 4409 be
527 4377 542 4410 a
557 4361 668 4408 dotireo
696 4360 740 4409 the
754 4364 806 4409 sort
818 4358 897 4408 called
946 4358 1000 4409 into
1017 4358 1127 4424 friendly
1145 4358 1263 4409 relations
1281 4358 1345 4408 with
1362 4357 1472 4416 another,
1488 4353 1515 4403 br

316 4425 466 4490 predicative
481 4426 535 4490 (⁴to
549 4440 617 4474 come
632 4440 659 4473 ae
675 4439 690 4472 a
704 4430 795 4474 matter
808 4423 837 4473 ot
850 4439 895 4473 ex·
947 4424 1005 4474 does
1019 4429 1064 4475 not
1073 4422 1172 4474 conriot
1186 4438 1227 4472 me
1241 4422 1269 4473 of
1285 4423 1407 4474 falsam
1421 4423 1448 4474 of
1463 4418 1514 4471 chr·

315 4490 470 4556 perience’):
483 4507 523 4554 cp.
532 4492 613 4540 cartre
623 4491 724 4538 remidio
735 4489 821 4554 (Verg.
830 4488 895 4538 Aen.
947 4494 1034 4550 motor,
1047 4488 1093 4537 but
1103 4489 1202 4553 betrays
1211 4488 1252 4537 bis
1263 4488 1340 4538 own!

315 4556 335 4605 i.
344 4556 388 4622 22)
395 4573 402 4615 ;
415 4555 552 4620 odiofflin.
562 4556 600 4604 H.
609 4556 643 4604 Ν.
652 4553 740 4603 xxviii.
751 4558 827 4616 106),
841 4555 896 4603 sut·
980 4552 1107 4619 muitum]
1144 4553 1261 4618 ‘policy.’
