3150 5109
554 392 639 454 50
1324 391 1588 459 00111.
1643 391 1734 477 (A
1745 391 1877 455 Tr.
1940 391 2014 458 V.
2061 391 2202 475 13).

1047 812 1299 878 com.
1392 812 1509 879 'ro
1555 811 1964 880 ATTIous
2011 813 2201 899 (An.
2252 834 2317 876 v.
2370 811 2477 898 13).

1136 1026 1197 1066 A.
1232 1024 1301 1067 U.
1335 1024 1389 1068 c.
1427 1021 1559 1083 7033
1613 1023 1674 1066 s.
1710 1026 1764 1069 c,
1800 1024 1905 1083 513
1940 1024 2091 1068 AE'r.
2126 1024 2248 1068 elc.
2283 1022 2368 1071 55.

646 1189 720 1240 Μ.
749 1189 920 1240 Cicero
953 1188 1208 1253 Ephesum
1229 1205 1282 1239 se
1303 1189 1498 1239 venisse
1529 1189 1704 1240 scribit
1725 1195 1776 1241 et
1797 1190 2001 1254 exponit
2027 1192 2089 1240 de
2119 1191 2441 1240 multitudine
2466 1188 2735 1248 hominum,
2758 1187 2833 1252 qui
2849 1186 2923 1236 sihi

551 1272 687 1322 Sami
710 1279 760 1321 et
791 1271 949 1336 magis
981 1272 1131 1322 etiam
1163 1270 1350 1335 Ephe&
1370 1277 1564 1335 praesto
1597 1271 1805 1334 fuerint,
1831 1279 1883 1322 et
1911 1273 1972 1322 de
2003 1287 2090 1336 spe
2119 1287 2211 1321 sua
2238 1271 2520 1335 provinciae
2540 1269 2920 1326 administrandae,

546 1353 705 1405 Attici
744 1353 943 1418 negotia
980 1370 1033 1403 se
1073 1353 1257 1416 Ephesi
1292 1353 1556 1417 diligenter
1592 1370 1804 1415 curasse,
1842 1354 1971 1418 petit
2003 1359 2063 1403 ut
2093 1353 2292 1403 Atticus
2327 1360 2466 1403 curet
2498 1369 2563 1402 ne
2594 1351 2688 1401 sibi
2717 1349 2926 1415 provincis

547 1443 853 1499 prorogetur,
901 1436 1132 1485 mandata
1175 1452 1267 1484 sua
1309 1434 1477 1485 Attico
1521 1437 1832 1485 commendat
1875 1440 1926 1486 et
1967 1443 2028 1484 ut
2071 1435 2132 1485 de
2175 1433 2404 1484 omnibus
2445 1434 2612 1495 rebus,
2657 1433 2848 1482 maxime
2881 1431 2927 1479 de

546 1516 842 1568 iudiciorum
874 1523 1025 1577 statu,
1062 1516 1159 1566 sibi
1191 1516 1375 1567 scribat
1405 1517 1547 1580 petit.
1621 1517 1817 1582 Scripta
1848 1517 2053 1582 epistola
2085 1522 2161 1567 est
2192 1516 2395 1580 Ephesi.

1382 1730 1647 1786 CICERO
1685 1731 1949 1787 ATTICO
1988 1731 2143 1786 SAL.

684 1872 743 1935 1.
791 1868 1128 1954 Ephesum
1173 1871 1472 1937 venimus
1502 1894 1560 1937 a.
1595 1872 1658 1937 d.
1693 1894 1788 1937 xl.
1822 1871 1976 1938 Kal.
2026 1871 2204 1938 Sext.
2251 1869 2653 1957 sexagesimo
2690 1873 2753 1934 et
2777 1867 2931 1954 quin·

551 1974 911 2060 gentesimo
940 1977 1087 2061 post
1115 1995 1410 2061 pugnam
1440 1974 1882 2042 Bovillanam.
1972 1974 2449 2060 Navigavimus
2478 1973 2622 2039 sine
2650 1973 2862 2038 timore
2885 1977 2935 2035 ct

550 2078 690 2143 sine
716 2099 977 2156 nausea,
997 2078 1111 2143 sed
1137 2078 1390 2143 tardius
1419 2082 1685 2165 propter
1713 2079 2167 2166 aphractorum
2197 2077 2611 2144 Rhodiorum
2639 2074 2935 2143 imbecilli·

550 2184 776 2246 tatem.
885 2178 989 2246 De
1042 2203 1353 2247 concursu
1404 2182 1834 2269 legationum,
1884 2183 2309 2271 privatorum,
2355 2187 2423 2246 et
2480 2181 2563 2246 de
2615 2178 2937 2246 incredibili

557 2282 1004 2359 multitudine,
1038 2306 1202 2369 quae
1230 2285 1396 2351 mihi
1424 2287 1558 2352 iam
1591 2285 1793 2368 Sami,
1824 2288 1936 2353 sed
1967 2285 2330 2352 mirabilem
2360 2289 2423 2349 in
2455 2288 2702 2348 modum
2731 2281 2940 2368 Ephesi

553 2392 810 2475 praesto
861 2387 1013 2466 fuit,
1076 2391 1191 2453 aut
1251 2388 1506 2455 audisse
1565 2394 1634 2456 te
1685 2395 1849 2478 puto
1910 2394 2025 2456 aut
2087 2397 2105 2426 ‘
2128 2390 2289 2474 quid
2340 2388 2423 2453 ad
2480 2410 2589 2453 me
2645 2383 2939 2453 attinetP’

552 2490 1025 2559 Verumtamen
1055 2492 1399 2558 decumani
1443 2498 1622 2576 quasi
1648 2495 1967 2560 venissem
2012 2515 2161 2559 cum
2202 2491 2495 2578 imperi0‚
2530 2490 2761 2556 Graeci
2789 2487 2942 2576 quasi

553 2593 839 2681 Ephesio
869 2595 1150 2682 praetori
1179 2618 1245 2660 se
1268 2597 1507 2662 alacres
1531 2597 1928 2665 obtulerunt.
2018 2597 2127 2663 Ex
2149 2619 2277 2683 quo
2305 2600 2372 2662 te
2400 2595 2777 2680 intellegere
2805 2596 2945 2658 certo

556 2699 682 2766 seio
712 2700 1069 2765 multorum
1114 2721 1432 2766 annorum
1462 2702 1926 2768 ostentationes
1961 2723 2139 2768 meas
2167 2723 2342 2766 nuno
2368 2701 2441 2765 in
2470 2698 2810 2765 discrimen
2837 2718 2948 2761 esse

560 2805 883 2869 adductas.
977 2802 1126 2882 Sed,
1159 2807 1234 2868 ut
1265 2826 1473 2888 sper0,
1505 2808 1768 2872 utemur
1811 2828 1889 2871 ea
1931 2806 2272 2893 palaestra,
2303 2826 2500 2889 quam
2545 2825 2589 2867 a
2636 2805 2701 2868 te
2751 2800 2946 2866 didici·
3052 2818 3053 2854 ἐ

562 2929 719 2986 mus,
770 2905 1196 2991 omnibusque
1247 2908 1404 2973 satis
1462 2907 1777 2975 faciemus
1828 2914 1896 2976 et
1946 2933 2022 2975 eo
2069 2909 2344 2988 facilius,
2396 2907 2574 2993 quod
2631 2907 2704 2971 in
2759 2911 2952 2970 nostra

564 3009 890 3094 provincia
912 3010 1239 3075 confectae
1270 3015 1425 3076 sunt
1455 3013 1808 3097 pactiones.
1898 3012 2028 3079 Sed
2059 3016 2199 3077 haec
2243 3011 2571 3089 hactenus,
2605 3008 2954 3097 praesertim

560 3134 704 3175 cum
736 3112 993 3177 cenanti
1035 3112 1200 3177 mihi
1229 3115 1552 3180 nuntiarit
1602 3114 1856 3182 Cestius
1886 3138 1953 3182 se
1981 3117 2062 3181 de
2090 3119 2276 3181 nocte
2303 3114 2637 3202 proficisci.
2728 3115 2788 3179 2.
2831 3112 2956 3178 Tua
3050 3108 3051 3117 ’

568 3215 887 3300 negotiola
939 3214 1188 3301 Ephesi
1232 3239 1421 3283 curae
1479 3218 1645 3284 mihi
1703 3220 1992 3299 fuerunt,
2043 3218 2469 3305 Thermoque‚
2516 3218 2777 3285 tametsi
2825 3223 2958 3282 ante

564 3321 912 3383 adventum
957 3341 1177 3384 meum
1217 3319 1663 3388 liberalissime
1713 3328 1851 3389 erat
1881 3323 2205 3409 pollicitus
2247 3323 2378 3388 tuis
2410 3321 2730 3400 omnibus,
2761 3328 2958 3387 tamen
3048 3405 3049 3408 Ἴ

566 3420 987 3506 Philogenem
1033 3424 1099 3487 et
1130 3422 1353 3489 Seium
1382 3425 1648 3504 tradidi,
1681 3425 2260 3514 Apollonidensem
2280 3426 2632 3494 Xenonem
2661 3447 2959 3492 commen·
3048 3412 3049 3431 ¹

564 3521 731 3587 davi.
811 3522 1096 3590 Omnino
1120 3527 1338 3593 omnia
1355 3551 1421 3594 se
1443 3528 1772 3597 facturum
1799 3531 2060 3618 recepit.
2139 3531 2289 3617 Ego
2309 3536 2641 3618 praeterea
2668 3533 2962 3596 rationem
3046 3537 3047 3591 ὲ

568 3774 576 3782 Ἰ
636 3710 677 3756 1.
713 3709 1015 3756 Bovillanum
1082 3714 1095 3738 ‘
1111 3711 1197 3760 the
1219 3712 1373 3762 battle
1395 3713 1452 3764 of
1473 3714 1721 3765 Bovillae’
1827 3716 1977 3766 taken
1997 3722 2051 3766 to
2072 3720 2322 3780 represent
2342 3714 2428 3765 the
2447 3714 2620 3764 tithae.

568 3790 604 3818 as
628 3771 713 3846 the
733 3787 877 3821 name
885 3773 1030 3847 ‘whic
1087 3774 1151 3824 he
1173 3776 1310 3839 gives
1338 3783 1392 3827 to
1423 3779 1510 3829 the
1531 3780 1647 3844 fray
1669 3782 1724 3829 in
1892 3782 2103 3842 Ephesio
2116 3779 2362 3845 praetori]
2400 3780 2488 3829 the
2511 3795 2753 3843 governor
2771 3779 2827 3829 of
2847 3778 2965 3838 Asin,

570 3836 727 3885 which
757 3836 959 3912 Clodius
987 3840 1215 3901 perished
1243 3858 1363 3891 near
1392 3843 1630 3906 Bovillae,
1658 3861 1724 3894 on
1827 3845 2087 3903 Tbermus,
2145 3846 2259 3895 who
2323 3860 2427 3895 was
2472 3853 2793 3906 pro-praetor
2809 3862 2833 3904 ;
2889 3844 2966 3894 but

568 3902 649 3950 the
682 3901 879 3964 Appian
912 3902 1059 3968 Way.
1129 3905 1211 3954 He
1244 3906 1347 3956 also
1380 3909 1499 3959 calls
1530 3909 1574 3959 it
1613 3910 1724 3960 ‘the
1819 3917 2017 3971 praetor
2045 3910 2089 3959 is
2115 3925 2145 3959 a
2173 3909 2371 3974 general
2391 3916 2516 3958 term
2547 3909 2629 3958 for
2656 3925 2688 3958 a
2716 3907 2968 3973 provincial

568 3965 717 4014 battle
738 3966 794 4016 of
815 3966 1066 4029 Leuctra,’
1092 3969 1162 4019 vi.
1193 3973 1237 4031 1,
1267 3975 1345 4032 26,
1373 3972 1469 4036 Ep.
1497 3974 1625 4024 cclii.
1827 3991 2099 4038 governor:
2135 3991 2216 4024 see
2237 3975 2346 4024 Att.
2372 3990 2422 4024 v.
2450 3978 2530 4034 20,
2562 3978 2641 4034 11,
2668 3973 2763 4038 Ep.
2789 3975 2882 4023 ccl.

636 4032 782 4092 ‘quid
800 4032 1023 4098 attinet’]
1086 4051 1155 4083 so.
1174 4042 1297 4094 puto
1321 4044 1367 4085 te
1394 4042 1654 4088 dicturum.
1891 4043 1941 4090 2.
1979 4039 2187 4105 tradidi]
2260 4044 2274 4068 ‘
2291 4040 2317 4088 I
2346 4038 2675 4099 inu-oduced,’
2697 4039 2777 4088 lit.
2817 4038 2871 4087 ‘1
2893 4042 2967 4101 put

628 4096 971 4162 verumtamen]
1038 4100 1354 4163 resumptive,
1382 4118 1436 4152 as
1461 4104 1622 4153 usual.
1824 4104 2110 4155 theminhis
2122 4104 2312 4161 hands,'
2335 4103 2644 4152 ‘madethem
2657 4103 2965 4153 overtohim.'

628 4160 893 4236 decumani]
961 4161 1047 4237 the
1083 4164 1341 4227 publicans
1374 4168 1488 4217 who
1530 4168 1723 4218 farmed
1835 4171 1984 4219 Trade
2017 4169 2061 4219 is
2094 4169 2214 4219 used
2242 4175 2296 4219 to
2324 4167 2615 4243 strengthen
2645 4171 2904 4217 manendo
2928 4167 2968 4215 in

567 4226 647 4274 the
667 4225 819 4275 tithes
848 4226 904 4275 of
936 4229 1073 4276 Asia.
1141 4228 1248 4278 The
1266 4235 1509 4290 pactiones
1535 4234 1723 4297 spoken
1827 4234 1965 4284 Fam.
1980 4233 2035 4284 ii.
2054 4237 2102 4295 6,
2125 4236 2171 4294 5,
2191 4234 2283 4296 Ep.
2301 4233 2505 4282 clxxvii.
2531 4232 2630 4283 We
2647 4233 2775 4283 have
2785 4232 2968 4294 already

564 4290 616 4338 vaf
632 4289 788 4340 below
809 4306 892 4339 are
915 4291 999 4341 the
1013 4300 1317 4356 agreements
1337 4296 1563 4347 between
1584 4299 1723 4348 these
1825 4306 1926 4349 met
1948 4299 2003 4348 in
2025 4299 2112 4349 the
2134 4299 2282 4348 letter
2301 4297 2622 4361 introducing
2653 4297 2914 4348 Trebatius
2931 4304 2973 4344 to

568 4354 995 4418 farmcrs-general
1024 4358 1122 4406 and
1153 4358 1239 4408 the
1269 4361 1563 4422 provincials
1585 4379 1640 4412 as
1668 4369 1722 4413 to
1826 4365 2020 4424 Caesar,
2048 4367 2186 4413 trado
2206 4366 2263 4413 de
2283 4379 2428 4412 manu
2452 4369 2506 4411 ut
2529 4366 2674 4412 aiunt
2696 4366 2750 4412 in
2770 4379 2967 4417 mun,

564 4418 648 4468 tim
685 4426 891 4470 amount
926 4422 981 4471 of
1021 4439 1201 4488 money
1246 4424 1411 4476 which
1452 4427 1616 4477 would
1660 4428 1723 4478 be
1828 4429 1968 4479 Fam.
1996 4428 2083 4480 vii.
2111 4431 2158 4490 ὁ,
2187 4432 2233 4490 3,
2261 4427 2357 4493 Ep.
2384 4427 2590 4477 cxxxiv.
