3150 5109
416 481 420 489 .
479 426 606 495 OOXX
613 429 714 496 VIII.
739 427 855 513 (ΑΤΤ.
886 427 924 496 V.
947 429 1013 514 20).
1290 427 1354 492 119

144 623 227 688 quae
241 603 280 668 tu
294 623 421 689 sperae:
444 600 560 688 quibus
578 601 677 669 illesi
694 600 789 683 oedit,
805 600 887 668 salvi
900 622 1022 668 sumus.
1080 599 1240 667 Ineendio
1257 598 1353 667 Plae-

144 704 272 771 toriano
287 705 375 791 quod
389 704 482 771 Seius
496 704 663 772 ambustus
677 709 735 787 est,
750 704 859 772 minus
872 705 1005 772 moleste
1019 703 1100 771 fero.
1135 702 1293 770 Luoeeiue
1307 703 1350 770 de

145 807 187 882 Q.
205 807 315 874 Cassio
338 830 395 874 our
417 812 487 874 tam
509 808 682 875 vehemens
702 809 803 875 fuerit
824 813 858 876 et
881 808 961 896 quid
980 812 1089 875 aetum
1103 807 1146 875 sit
1165 829 1244 875 aveo
1258 808 1349 873 seire.

145 913 177 977 9.
200 910 286 998 Ego,
303 934 377 978 oum
391 910 588 979 Leodieeam
610 934 739 994 venero,
762 913 898 995 Quinto,
923 912 1040 980 sororis
1056 915 1132 978 tuae
1146 911 1224 992 filio,
1239 915 1352 997 togam

143 1036 260 1102 puram
282 1014 396 1081 iubeor
409 1016 497 1095 dare,
513 1015 567 1081 oui
590 1016 782 1084 moderabor
807 1016 1007 1105 diligentius.
1051 1014 1236 1096 Deiotarus,
1259 1015 1351 1081 euim

144 1118 275 1184 auxiliis
297 1117 427 1206 magnis
444 1140 523 1184 usus
547 1142 630 1202 sum,
659 1120 703 1186 ad
727 1142 791 1201 me,
814 1128 853 1187 ut
876 1120 1014 1208 soripsit,
1043 1141 1117 1186 eum
1147 1117 1355 1186 Oieeronibus

143 1221 338 1289 Laodieeam
351 1227 507 1289 venturus
521 1226 599 1290 erat.
644 1221 733 1290 Tuas
744 1225 844 1291 etiam
857 1222 1041 1311 Epirotioas
1054 1226 1202 1309 exspecto
1215 1222 1352 1303 litteras,

142 1330 181 1391 ut
206 1325 345 1392 habeam
373 1326 534 1394 rationem
559 1348 626 1394 non
651 1327 749 1394 modo
774 1327 911 1415 negotii,
936 1348 1051 1394 verum
1080 1325 1178 1393 etiem
1203 1325 1264 1392 otii
1291 1326 1352 1392 tui

144 1427 290 1496 Nioanor
307 1429 344 1496 in
363 1430 465 1497 offieio
480 1435 528 1497 ast
543 1433 577 1497 et
591 1452 611 1496 a
625 1453 678 1497 me
692 1430 870 1498 liberaliter
885 1433 1064 1497 traotatur:
1087 1451 1195 1516 quem,
1209 1432 1248 1495 nt
1262 1434 1352 1515 puto,

144 1530 286 1599 Romam
300 1555 375 1600 oum
389 1533 507 1600 litteris
521 1533 659 1621 publicis
673 1534 815 1616 mittam,
830 1538 869 1601 ut
887 1537 920 1601 et
934 1533 1125 1621 diligentius
1146 1533 1352 1619 perferantur

81 1650 89 1662 '
144 1640 178 1703 et
192 1635 280 1703 idem
290 1637 333 1703 ad
343 1659 396 1702 me
410 1641 497 1704 oerta
511 1639 553 1704 de
565 1648 600 1705 te
614 1642 647 1705 et
661 1660 682 1705 a
695 1641 729 1705 te
743 1638 874 1705 referat.
905 1636 1021 1703 Alexis
1035 1637 1122 1724 quod
1136 1635 1218 1702 mihi
1231 1635 1353 1702 totiens

144 1739 283 1807 salutem
298 1740 437 1822 ascribit,
454 1745 503 1807 est
516 1746 657 1828 gratum.
702 1740 768 1809 Sed
790 1764 847 1808 our
861 1763 929 1808 non
943 1739 1009 1807 suis
1022 1740 1140 1807 litteris
1161 1738 1249 1806 idem
1263 1738 1353 1819 fauit,

145 1844 233 1929 quod
243 1865 334 1910 meus
348 1845 392 1909 ad
406 1849 439 1911 te
454 1843 570 1911 Alexis
584 1845 691 1912 iaoit?
723 1844 861 1913 Phemio
871 1844 1038 1932 quaeritur
1062 1848 1162 1929 κέρας.
1194 1841 1260 1909 Sed
1274 1843 1354 1909 haee

145 1944 309 2013 haetenus.
370 1946 457 2014 Oura
478 1953 517 2014 ut
538 1949 647 2017 valeas
670 1954 704 2015 et
726 1953 765 2015 ut
790 1950 890 2016 seiam
913 1948 1044 2037 quando
1067 1946 1189 2033 eogites
1203 1944 1355 2015 Romam.

145 2049 258 2117 Etiam
280 2055 378 2137 atque
402 2051 502 2118 etiam
527 2053 609 2119 vale.
660 2055 712 2119 10.
736 2052 810 2120 Tua
832 2058 968 2140 tuosque
982 2050 1123 2118 Tbermo
1146 2053 1181 2117 et
1204 2071 1355 2136 praesens

145 2152 269 2240 Ephesi
283 2154 531 2242 diligentissime
542 2158 803 2224 oommendaram
817 2161 851 2224 et
864 2179 953 2223 nune
966 2178 1025 2243 per
1038 2155 1174 2235 litteras,
1185 2154 1355 2241 ipsumque

145 2256 293 2324 intellexi
304 2281 371 2324 esse
385 2260 623 2345 perstudiosum
637 2261 698 2328 tui.
729 2260 782 2327 'ru
793 2261 901 2343 velim,
917 2262 1005 2347 quod
1024 2262 1120 2326 antea
1134 2258 1177 2324 ad
1190 2262 1224 2325 te
1233 2257 1355 2344 soripsi,

146 2361 187 2427 de
202 2361 297 2428 domo
307 2360 480 2429 Pammeni
493 2363 549 2429 des
563 2386 704 2450 operam,
719 2367 768 2446 ut,
784 2365 872 2451 quod
886 2378 944 2431 tuo
957 2383 1093 2450 meoque
1106 2360 1260 2429 benefioio
1274 2383 1356 2448 puer

145 2462 255 2546 habet,
267 2487 357 2531 aures
370 2488 412 2532 ne
427 2488 491 2552 qua
505 2466 630 2533 ratione
644 2468 854 2535 eonvellatur.
898 2467 943 2534 Id
965 2489 1034 2534 eum
1055 2469 1211 2532 densatam
1225 2464 1355 2551 utrique

146 2571 294 2634 nostrum
307 2568 466 2650 existim0,
481 2573 554 2636 tum
567 2569 649 2636 mihi
664 2570 727 2638 erit
741 2574 942 2660 pergratum.

150 2844 157 2857 ι
180 2783 243 2873 selei
257 2781 349 2847 sumas]
383 2785 442 2848 ‘my
462 2797 517 2833 ease
534 2782 557 2832 is
579 2784 654 2861 weng
670 2783 727 2835 that
778 2785 889 2862 Ortee'nee
900 2784 928 2862 oi
939 2783 1009 2835 Ceto.
1119 2846 1125 2859 .
1233 2844 1240 2857 ,

148 2861 179 2907 rs,
215 2845 727 2963 Isbalpbesafpiplromaprorogtaporboi
775 2866 837 2964 fm
859 2849 931 2938 oppeto
952 2848 1000 2916 ut]
1045 2847 1094 2898 Ἢ.
1117 2863 1139 2898 rs
1161 2844 1276 2910 working
1299 2844 1357 2896 well

148 2917 668 3040 dbffirp'd'empradd'ffldde
683 2929 728 3030 di
789 2929 979 3045 mameae]
1001 2972 1354 3040 ‘nemausenses’

149 3040 243 3091 omtain
261 3040 354 3102 future,
375 3056 416 3091 see
437 3057 470 3092 on
488 3043 597 3092 talem
614 3046 725 3107 cannales,
777 3042 837 3094 who
851 3045 936 3094 stands
949 3049 977 3095 to
989 3059 1029 3094 me
1042 3059 1069 3093 as
1079 3041 1111 3091 Δ.
1123 3047 1150 3093 to
1164 3056 1229 3107 you:
1248 3055 1287 3103 ep.
1299 3039 1354 3090 Aa.

149 3106 204 3156 Aa.
217 3122 243 3155 v.
258 3108 297 3184 lt,
311 3109 335 3167 2,
348 3107 396 3170 Ep.
412 3106 468 3183 acii:
777 3108 814 3185 iy.
827 3111 866 3186 ὃς,
882 3108 965 3172 1,Ep.
979 3107 1047 3170 oxii,
1062 3107 1144 3157 where
1159 3104 1354 3181 esimilarrela·

149 3169 728 3299 ,iimdmslssetletdflttt
777 3173 1060 3305 tltldlttttln
1069 3169 1357 3288 assumet

150 3300 207 3350 who
217 3300 304 3351 shared
313 3300 358 3351 the
368 3301 481 3364 plunder,
493 3317 545 3352 was
557 3302 622 3352 tried
636 3318 670 3353 on
685 3303 729 3353 tha
778 3305 837 3355 does
846 3309 874 3355 to
884 3303 992 3354 Atticus.
1294 3362 1300 3375 .

150 3364 239 3430 oberge
250 3382 295 3428 qao
306 3382 333 3415 ea
347 3369 449 3429 meante
461 3370 605 3428 peremerit,
617 3369 667 3418 and
676 3383 729 3419 was
812 3368 921 3434 Phemio]
953 3369 976 3417 A
995 3365 1099 3417 musical
1113 3364 1184 3443 eleva
1200 3362 1356 3478 offfltpopp,

151 3430 322 3570 ωῗὶξθὲαθεῗίᾘ
332 3431 543 3572 pbdodblatrodissdo.
551 3432 667 3559 baddim,
680 3496 729 3548 and
777 3432 1083 3574 ἴσῗεωνῗῗηᾘῑὲῗῖξέ
1085 3432 1201 3546 1ιέῢέῦέ
1206 3492 1358 3569 parthesing

150 3557 259 3610 abrend
269 3559 296 3610 oi
307 3565 414 3611 Atticus.
777 3562 883 3614 musical
895 3563 976 3614 slaves
990 3578 1012 3613 1s
1027 3562 1093 3613 olear
1106 3560 1173 3610 from
1189 3563 1243 3609 atr.
1260 3573 1296 3607 rr.
1315 3560 1355 3617 169

184 3626 209 3673 9.
226 3627 357 3699 eanflede
373 3624 474 3703 pepulit]
510 3626 557 3677 See
577 3626 664 3677 Pleno.
685 3630 726 3689 66,
779 3629 794 3681 7
811 3628 874 3693 (13),
892 3628 942 3693 Ep.
962 3627 1038 3679 cxliv.
1073 3625 1146 3691 κέρας
1166 3624 1189 3675 is
1205 3639 1222 3674 a
1238 3622 1302 3674 born
1317 3620 1358 3672 ior

151 3687 235 3740 where
250 3687 302 3739 tius
318 3695 451 3742 sentiment
465 3707 489 3742 rs
503 3692 596 3757 quoted
609 3691 675 3744 from
685 3692 730 3744 the
779 3692 898 3758 blewing.
