3150 5109
286 445 352 510 268
636 443 781 510 coxo]
785 444 824 509 V.
851 443 967 528 (ΔΤΥ.
1000 441 1080 508 VII.
1102 440 1151 525 8).

287 617 388 684 altero
402 618 460 685 illo
475 618 584 685 minus
598 640 670 684 sum
690 618 878 697 admiratus,
900 615 1045 703 operario
1061 612 1201 680 homine.
1247 611 1314 680 Sed
1327 614 1480 678 tamenne

286 721 345 787 illo
366 722 498 807 quidem
518 722 696 808 quidquam
720 719 910 806 improbius.
955 717 1175 805 Chrysippum
1200 739 1286 797 vero,
1312 736 1409 801 quem
1431 734 1481 798 ego

287 829 419 910 propter
437 825 657 891 litterularum
677 825 783 890 nescio
808 824 889 910 qnid
913 821 1053 889 libenter
1075 820 1155 899 vidi,
1182 818 1363 886 inhonore
1385 817 1479 894 habui

287 927 448 993 &aedera
469 951 489 993 a
509 950 609 1015 puero
630 928 785 994 insciente
805 929 879 993 me!
926 926 1026 993 Mitto
1050 925 1124 1005 alia,
1145 946 1228 1010 quae
1251 924 1361 1003 audio,
1382 920 1479 997 mults
1543 994 1544 1013 χ

287 1031 383 1096 mitto
398 1031 507 1097 furta:
530 1031 646 1119 fugam
659 1053 726 1097 non
741 1031 820 1112 fero,
837 1054 902 1117 qua
921 1029 1003 1095 mibi
1018 1027 1103 1094 nihil
1116 1027 1222 1094 visum
1237 1030 1287 1093 est
1301 1024 1480 1092 sceleratius
1543 1018 1544 1053 l

287 1133 406 1218 Itaque
425 1136 580 1221 usurpavi
594 1139 686 1200 vetus
708 1134 793 1200 illud
811 1134 923 1211 Drusi,
944 1138 984 1199 ut
1003 1132 1124 1211 ierunt,
1147 1130 1305 1216 praetoris
1323 1128 1361 1194 in
1376 1149 1421 1206 eo,
1435 1124 1480 1211 qui

288 1238 402 1303 eadem
416 1237 497 1304 liber
511 1260 578 1304 non
593 1238 724 1318 iuraret,
739 1259 792 1303 me
806 1238 885 1303 istos
899 1236 1016 1303 liberos
1034 1257 1101 1302 non
1121 1234 1293 1312 addixisse,
1309 1230 1480 1317 praesertin

288 1362 363 1405 cum
377 1342 502 1407 adesset
515 1363 621 1421 nemo,
636 1363 656 1406 a
671 1363 734 1427 quo
748 1345 835 1407 recte
854 1341 1105 1407 vindicarentur.
1150 1337 1195 1404 Id
1207 1341 1255 1415 tu,
1271 1340 1310 1403 ut
1325 1333 1480 1409 ridebitur,

288 1443 336 1509 ita
355 1445 511 1531 accipies:
535 1467 596 1531 ego
618 1444 681 1511 tibi
701 1445 873 1510 adsentiar.
918 1442 991 1509 Uni
1008 1448 1084 1508 tuae
1103 1440 1333 1506 disertissimae
1347 1435 1482 1525 epistolae

289 1567 355 1612 non
370 1548 526 1634 rescripsi,
541 1548 577 1613 in
593 1570 657 1635 qua
684 1552 732 1614 est
751 1550 793 1614 de
812 1547 962 1635 perieulis
976 1547 1025 1613 rei
1038 1546 1196 1634 publicae.
1242 1543 1335 1616 Quid
1349 1537 1480 1608 rescribe

288 1651 387 1717 rem?
429 1650 537 1720 Valde
567 1675 656 1718 eram
684 1652 902 1739 perturbatus.
958 1649 1034 1731 Sed,
1064 1655 1102 1716 ut
1131 1648 1217 1715 nihil
1244 1669 1368 1734 magno
1403 1662 1482 1729 opera

289 1757 444 1834 metuam,
460 1754 579 1822 Parthi
593 1756 730 1836 faciunt,
746 1757 805 1843 qui
824 1758 958 1842 repente
973 1753 1131 1820 Bibulum
1153 1752 1346 1820 semivivum
1360 1748 1480 1832 relique·

290 1862 379 1925 runt.

400 2195 581 2267 CCXCIV.
627 2197 797 2267 CICERO
819 2200 878 2268 ΤΟ
901 2198 1103 2267 ATTICUS
1129 2198 1226 2285 (Aur.
1252 2219 1313 2263 vn.
1339 2197 1381 2282 a).

589 2425 620 2469 A.
637 2425 671 2470 U·
687 2425 715 2469 C·
733 2425 802 2484 2043
825 2426 857 2471 B.
873 2427 901 2471 C.
918 2425 966 2487 ⁶⁰3
989 2426 1064 2471 sm.
1081 2425 1140 2471 clo.
1157 2423 1199 2471 66.

340 2607 379 2658 De
389 2607 480 2659 litteris
491 2607 578 2671 Attici,
591 2609 622 2660 de
632 2610 759 2673 provincia
774 2611 823 2661 subi
838 2627 890 2661 non
905 2617 1045 2676 prorogata,
1061 2611 1092 2660 de
1108 2609 1251 2660 condicione
1261 2625 1307 2658 sua
1316 2608 1346 2658 in
1357 2597 1477 2657 summor&

292 2690 407 2756 publicae
431 2690 541 2753 periculo
564 2696 664 2754 propter
688 2692 870 2743 contentionem
889 2691 917 2743 C.
938 2691 1050 2743 Caesaris
1069 2698 1095 2741 et
1111 2690 1157 2741 Cn.
1175 2690 1295 2754 Pompeii,
1316 2690 1349 2740 de
1372 2681 1478 2738 concordis

291 2771 458 2821 museum
477 2771 535 2820 uun
554 2772 585 2821 a
601 2772 676 2823 aaa
694 2773 805 2836 petam,
826 2775 858 2824 <a
876 2773 968 2835 ossus,
989 2775 1020 2824 a
1037 2772 1172 2823 amoeno
1188 2777 1215 2821 a
1232 2771 1371 2822 aeonion
1388 2766 1440 2825 suis.
1455 2762 1479 2809 a

292 2852 393 2903 cohorte
403 2869 449 2902 sua
459 2852 614 2915 provinciali,
627 2853 784 2905 decurionis
799 2856 900 2918 tabulis,
919 2855 1050 2907 Hortensii
1065 2854 1162 2919 legatis,
1175 2854 1206 2903 da
1217 2852 1343 2917 emptione
1354 2847 1476 2901 Paestana

293 2934 434 2984 donamina
445 2933 541 2984 Piraeei
552 2934 654 3000 eiusque
665 2952 713 2985 usu
724 2937 890 3000 grammatico,
904 2939 935 2986 de
951 2937 1006 2987 aliis
1017 2937 1090 2987 rebus
1101 2936 1204 3000 privatis
1215 2941 1241 2985 et
1250 2933 1398 2986 domesticis.
1428 2928 1477 2978 Dm

293 3015 398 3080 epistola
408 3022 447 3067 est
456 3032 481 3066 v.
494 3015 533 3065 Id.
547 3015 678 3067 Decembr.
690 3033 706 3067 a
716 3017 807 3068 Pontio
817 3034 849 3068 ex
860 3018 1009 3069 Trebulano.

703 3184 836 3240 CICERO
854 3185 986 3240 ATTICO
1004 3186 1082 3241 SAL.

362 3322 393 3387 l.
415 3321 460 3389 A.
476 3324 508 3389 d.
524 3345 600 3389 vr11.
617 3322 699 3390 Idus
717 3322 888 3392 Decembr.
905 3324 1109 3392 Aeculanum
1130 3326 1205 3391 veni
1227 3328 1260 3391 et
1281 3323 1328 3390 ibi
1350 3329 1419 3389 tuas
1437 3313 1476 3380 lit

296 3431 382 3492 teras
403 3427 481 3513 legi,
502 3450 582 3513 quas
604 3427 800 3495 Philotimus
822 3430 905 3496 mihi
927 3429 1091 3496 reddidit:
1115 3427 1270 3515 equibus
1291 3428 1375 3493 hano
1395 3421 1479 3511 primo

294 3605 345 3654 had
362 3619 412 3653 run
429 3619 509 3668 away,
530 3607 702 3669 accompanied
721 3606 756 3672 by
772 3607 877 3658 another
925 3609 1020 3660 certain
1033 3607 1114 3657 duties
1128 3614 1155 3657 to
1168 3606 1253 3657 which
1268 3606 1301 3656 hs
1314 3606 1364 3655 had
1379 3591 1478 3667 promised

294 3670 430 3719 ireedman.
461 3669 601 3733 Thalamos,
618 3672 873 3734 ‘amersmechnnic’
924 3674 1023 3724 tobind
1033 3672 1134 3722 himself
1148 3673 1182 3737 by
1193 3672 1319 3721 cathasa
1336 3655 1480 3721 condition&

295 3735 345 3784 had
356 3741 400 3783 not
411 3735 535 3798 surprised
547 3736 871 3803 Cicerobyhistreachery,
925 3738 966 3789 his
986 3737 1170 3788 manumission.
1205 3736 1291 3786 Cicero
1312 3752 1370 3801 says
1389 3733 1417 3782 ha
1435 3728 1478 3776 hera

298 3799 379 3859 ‘but,’
393 3800 425 3849 he
440 3800 501 3849 adds
518 3803 558 3851 ‘to
568 3801 641 3851 think
655 3802 710 3852 that
721 3802 875 3869 Chrysippus
924 3803 1024 3867 applied
1032 3803 1076 3852 the
1084 3818 1150 3852 same
1157 3801 1285 3864 principle,
1300 3790 1479 3851 ‘tookslatod

295 3865 384 3915 should
398 3864 468 3914 leave
487 3881 530 3927 my
542 3866 593 3931 boy
606 3866 713 3917 without
728 3884 772 3933 my
787 3868 874 3918 know·
924 3869 952 3919 of
967 3868 1006 3917 his
1021 3867 1104 3917 bools’
1143 3869 1173 3917 Ut
1178 3868 1267 3930 serum
1281 3864 1303 3915 is
1317 3866 1373 3916 best
1386 3861 1479 3928 tahan,¹⁸

295 3929 414 3993 leuge-s
425 3945 483 3978 man
494 3930 576 3979 whom
587 3930 601 3979 1
612 3947 664 3981 was
676 3933 769 3997 always
780 3933 838 3997 glad
848 3939 876 3982 to
925 3933 1068 3998 qualiiying
1080 3934 1209 3993 praetoris,
1230 3931 1273 3979 ‘in
1287 3930 1327 3980 his
1340 3921 1476 3997 praebebo

296 4010 344 4054 see,
357 3995 407 4043 and
418 3994 512 4070 always
523 3997 593 4045 made
604 3996 679 4045 much
689 3998 718 4046 ot
725 4013 758 4047 cn
770 4004 876 4047 account
925 3999 1007 4048 aethe
1025 4004 1093 4061 story
1110 3995 1202 4061 goes’:
1225 4011 1266 4045 see
1283 4012 1310 4044 n.
1327 4011 1361 4046 on
1378 3999 1403 4043 ut
1414 3994 1480 4050 olm

296 4057 324 4109 of
339 4075 355 4108 a
369 4057 463 4109 certain
473 4066 581 4109 tinctura
597 4059 625 4109 of
638 4061 723 4111 letters
733 4062 777 4111 the
789 4062 876 4112 follow
925 4062 1067 4121 Panhormi,
1081 4063 1135 4111 Att.
1148 4061 1166 4111 i.
1182 4064 1220 4123 19,
1236 4063 1274 4121 10,
1287 4060 1336 4124 Ep.
1349 4075 1406 4109 xxv.

296 4122 363 4172 usae
958 4126 1061 4192 ranas]
1097 4127 1156 4176 ‘aa
1177 4126 1273 4175 succes
1293 4117 1426 4175 retrectat
1446 4110 1477 4187 co

328 4187 419 4255 orus]
464 4186 502 4237 m.
539 4186 627 4237 mvsa
654 4188 758 4250 nmen,
788 4190 875 4240 sonan
924 4190 1064 4252 rusum
1076 4190 1357 4254 resignandum
1369 4173 1478 4239 aeaut

297 4254 342 4301 641
354 4253 432 4317 (113),
456 4257 554 4317 praetor
572 4253 673 4316 probnbl
708 4255 784 4306 about
806 4255 876 4305 three
925 4255 1011 4320 night,
1031 4256 1076 4306 has
1096 4255 1187 4319 taught
1205 4272 1245 4306 ms
1266 4261 1311 4305 not
1327 4260 1356 4306 to
1376 4254 1404 4303 be
1422 4237 1478 4297 nuth

295 4333 382 4433 (yffi
385 4317 479 4380 earlier,
497 4317 655 4433 {ippodthtq
677 4319 754 4369 ormal
768 4319 876 4434 palidity
924 4321 1222 4387 alarmedatanything!

396 4400 497 4433 manum
557 4399 616 4431 nm
655 4400 768 4435 ecaseo
796 4401 875 4435 acer·

296 4448 350 4497 tain
372 4446 439 4499 slave
461 4449 526 4509 who,
550 4463 584 4497 on
605 4447 679 4513 being
699 4448 872 4511 manumitted,
959 4453 983 4501 1.
1000 4449 1162 4516 Aeculanum]
1199 4449 1239 4500 On
1255 4448 1299 4499 the
1314 4448 1407 4513 Appian
1418 4435 1477 4498 WC»
1543 4494 1544 4507 2

296 4512 395 4563 refused
415 4520 442 4563 to
463 4527 543 4563 swear
563 4520 590 4563 to
611 4515 653 4564 the
678 4514 826 4566 observance
847 4515 876 4565 of
924 4514 1281 4567 aboutfliteenmileseastoi
1292 4514 1452 4566 naucum·
1543 4524 1544 4531 ’
