3150 5109
412 447 568 515 cucur.
594 447 711 531 (err.
742 446 802 515 1⁷1.
826 448 874 531 c).
1192 449 1254 514 ror

67 627 97 690 nt
109 642 204 708 spero,
218 622 406 709 propediem
419 625 452 688 te
466 619 592 689 videbo.
638 621 669 687 7.
691 618 799 687 Venio
819 622 863 685 ad
876 619 1019 687 Brutum
1033 625 1138 700 tuum,
1155 623 1260 689 immo

66 731 215 793 nostrum:
238 726 284 793 sic
298 726 386 792 enim
400 726 513 792 mavis.
558 724 723 810 Equidem
737 723 928 806 omniafeci,
945 747 1027 811 quae
1041 727 1133 811 potui
1148 732 1205 792 eut
1219 727 1255 791 in

66 854 126 896 nea
138 829 301 917 provincie
314 829 465 916 perticere
480 833 538 895 aut
553 831 590 893 in
611 849 713 913 regno
734 828 883 914 experiri.
929 828 1029 895 Omni
1042 830 1146 916 igitur
1159 831 1261 896 modo-

66 934 110 1019 egi
132 955 201 998 oum
226 955 304 1019 rege
329 936 363 999 et
391 955 454 1019 ago
479 932 607 1012 cotidie,
632 953 691 1018 per
712 930 837 997 litteras
859 931 985 999 scilicet.
1030 933 1145 1020 Ipsum
1167 934 1255 1000 enim

65 1037 194 1103 triduum
209 1036 465 1123 quadriduumve
486 1057 614 1102 mecum
635 1032 737 1100 habui
755 1032 953 1101 turbulentis
967 1038 1003 1102 in
1017 1036 1122 1117 rebus,
1138 1035 1256 1123 quibus

66 1162 128 1206 eum
140 1139 283 1206 liberari.
328 1138 395 1205 Sed
416 1143 450 1206 et
471 1143 542 1205 tum
565 1160 716 1225 praesens
738 1142 771 1204 et
793 1143 905 1224 postes
927 1138 1126 1207 creberrimis
1140 1141 1264 1207 litteris.

65 1266 121 1310 ncn
137 1244 247 1310 destiti
270 1265 386 1329 rogare
411 1247 445 1310 et
469 1248 578 1329 petere
601 1264 675 1308 mee
697 1263 803 1322 censa,
826 1243 959 1309 suadere
985 1249 1018 1309 et
1039 1244 1163 1310 hortari
1188 1266 1257 1311 sua.

66 1346 195 1413 Multum
208 1346 342 1433 profeci,
362 1347 603 1433 sedquoniam,
625 1367 692 1411 non
710 1345 818 1432 plane,
835 1346 912 1431 quie
925 1346 1023 1433 longe
1038 1346 1163 1426 absum,
1179 1349 1255 1414 scio.

66 1450 244 1516 Salaminios
257 1449 469 1516 autem-hos
483 1450 571 1516 enim
592 1454 738 1536 poteram
760 1451 1081 1531 coercere-adduxi,
1097 1456 1136 1517 ut
1149 1456 1256 1519 totum

65 1576 168 1619 nomen
189 1552 321 1640 Scaptio
344 1553 466 1619 vellent
489 1552 621 1633 solvere,
648 1553 705 1618 sed
730 1552 912 1619 centesimis
937 1555 1043 1620 ductis
1064 1577 1084 1621 a
1108 1556 1257 1642 proxima

66 1658 180 1742 quidem
194 1657 393 1744 syngrapha,
409 1679 469 1723 nec
482 1657 656 1744 perpetuis,
672 1657 728 1722 sed
741 1655 905 1723 renovatis
919 1657 1101 1743 quotannis.
1131 1657 1259 1725 Nume-

65 1760 204 1829 rabentur
217 1760 365 1827 nummi:
388 1762 494 1828 noluit
505 1760 664 1847 Scaptius.
710 1758 763 1825 Tu
774 1763 841 1842 quic
852 1760 909 1847 qui
923 1761 970 1826 ais
985 1761 1128 1828 Brutum
1143 1784 1258 1848 cupere

66 1865 173 1951 aliquid
196 1865 357 1951 perdere?
401 1863 585 1937 Quaternus
609 1862 750 1930 hahebat
778 1863 815 1927 in
837 1864 1035 1951 syngrapha.
1080 1864 1170 1931 Fieri
1190 1887 1258 1931 non

66 1973 185 2054 poterat,
200 1992 270 2049 nec,
285 1969 313 2034 si
327 1973 444 2055 posset,
465 1990 526 2055 ego
545 1968 615 2055 pati
634 1989 769 2054 possem.
815 1965 927 2034 Audio
942 1968 1074 2034 omnino
1088 1968 1258 2055 Scaptium

66 2072 222 2156 paenitere.
267 2071 358 2138 Nam
380 2072 468 2158 quod
490 2075 622 2139 senatus
643 2070 828 2137 consultum
849 2093 917 2137 esse
940 2071 1077 2153 dicebat,
1099 2077 1138 2140 ut
1152 2074 1203 2139 ius
1217 2095 1258 2137 ex

67 2174 237 2262 syngrapha
252 2175 420 2253 diceretur,
436 2196 474 2240 eo
488 2174 621 2241 consilio
636 2175 760 2241 iactum
774 2179 833 2253 est,
846 2175 933 2260 quod
941 2177 1111 2262 poemiam
1121 2175 1262 2242 Salumi·

66 2279 105 2343 nii
117 2284 224 2344 contra
238 2280 345 2365 legem
365 2276 541 2344 Gabiniam
560 2282 773 2365 sumpserunt.
819 2276 963 2346 Vetebat
985 2283 1094 2345 autem
1108 2278 1191 2345 Auli
1204 2280 1258 2344 lex

67 2381 108 2447 ius
126 2383 186 2448 dici
207 2384 250 2448 de
271 2382 319 2447 ita
340 2385 470 2469 sumpta
490 2382 636 2468 pecunie.
682 2381 836 2447 Decrevit
856 2381 960 2468 igitur
981 2386 1121 2462 senatus,
1144 2387 1182 2448 ut
1207 2382 1264 2448 ius

68 2485 209 2552 diceretur
230 2508 267 2551 ec
289 2485 353 2551 ista
375 2484 572 2572 syngrapha.
616 2484 716 2552 Nunc
744 2485 809 2551 ista
831 2483 931 2551 hubet
952 2485 1032 2551 iuris
1058 2485 1146 2551 idem
1171 2486 1259 2572 quod

68 2593 183 2670 ceterae,
197 2588 284 2654 nihil
294 2588 468 2676 praecipui.
513 2589 544 2654 8.
561 2587 656 2655 Haec
670 2611 690 2654 a
704 2611 757 2655 me
771 2589 884 2655 ordine
899 2589 987 2655 iacta
997 2593 1077 2675 puto
1090 2611 1143 2655 me
1154 2588 1260 2655 Bruto

68 2691 274 2775 probaturum,
299 2692 362 2758 tibi
384 2691 502 2773 nescio,
529 2690 647 2758 Oatcni
672 2696 757 2758 certe
780 2691 933 2779 probabo.
978 2690 1043 2758 Sed
1068 2692 1135 2758 iam
1162 2692 1205 2758 ad
1226 2698 1265 2758 te

67 2793 159 2879 ipsum
185 2799 340 2862 revertor.
395 2792 466 2861 Ain
494 2795 639 2876 tandem,
668 2794 790 2876 Attice,
819 2794 970 2862 laudator
998 2795 1198 2883 integritatis
1227 2800 1261 2862 et

68 2896 232 2985 elegantiae
248 2903 398 2965 nostrae:

395 3012 915 3089 Ausuaealrocercretuo....,

67 3149 159 3236 inquit
172 3151 313 3232 Ennius,
328 3155 368 3218 ut
389 3151 514 3238 equites
539 3150 669 3239 Scaptio
692 3154 735 3219 ad
760 3152 932 3239 pecuniam
946 3153 1124 3241 cogendam
1139 3154 1262 3233 darem,

68 3274 110 3318 me
121 3277 232 3342 rogare
245 3256 262 3322 t
284 3277 327 3321 an
340 3259 391 3334 tu,
407 3255 435 3320 si
448 3278 575 3322 mecum
590 3279 681 3336 esses,
694 3256 751 3342 qui
762 3255 874 3322 scribis
887 3257 1028 3321 morderi
1039 3261 1071 3322 te
1085 3255 1264 3335 interdum,

69 3359 141 3442 qnod
150 3382 214 3426 non
224 3359 324 3424 simul
335 3358 388 3441 sis,
399 3364 545 3447 paterere
559 3382 612 3426 me
622 3361 659 3426 id
667 3361 782 3440 fecere,
794 3360 822 3425 si
830 3359 973 3425 vollem?
1016 3358 1096 3426 Non
1110 3360 1261 3446 amplius,

68 3459 170 3546 inquis,
185 3461 435 3549 quinquaginta.
480 3462 565 3530 <lum
579 3462 734 3551 Spartaco
747 3464 857 3529 minus
877 3463 975 3529 multi
995 3463 1101 3549 primo
1115 3463 1260 3530 fuerunt.

94 3628 114 3676 7.
129 3626 209 3694 reque]
227 3627 391 3692 Cappadocia.
685 3628 770 3679 ‘what
779 3627 842 3678 kind
851 3628 880 3679 of
889 3628 970 3692 figure
980 3628 1011 3678 do
1022 3644 1073 3692 you
1083 3644 1141 3679 now
1152 3634 1202 3690 out,
1213 3644 1264 3695 you

90 3707 131 3752 per
141 3695 234 3742 litterae
245 3693 347 3761 educet]
374 3694 424 3760 ‘by
430 3694 511 3755 letter,
521 3692 535 3744 I
544 3709 631 3754 mean;
684 3694 742 3743 who
753 3710 798 3758 say
809 3693 865 3743 that
876 3693 968 3742 Brutus
979 3693 1002 3743 is
1012 3694 1117 3743 anxious
1127 3699 1154 3744 to
1165 3695 1264 3745 melreo

68 3754 122 3806 tul
137 3758 198 3808 hare
215 3758 268 3808 hed
282 3757 337 3808 him
348 3758 411 3809 with
427 3775 468 3809 me
486 3759 546 3824 only
564 3760 635 3809 three
685 3758 815 3809 sacrifice?
848 3758 889 3808 Ha
907 3757 957 3808 had
974 3759 1005 3806 48
1025 3773 1070 3822 per
1090 3765 1156 3808 cent.
1177 3759 1205 3808 in
1223 3759 1267 3810 his

69 3821 240 3888 ortourdays)
684 3824 769 3874 bond’
789 3822 843 3872 The
853 3838 919 3873 sume
930 3822 1154 3887 meaningismore
1163 3824 1265 3889 usually

94 3887 165 3936 ductis
177 3925 184 3938 .
199 3924 205 3938 .
220 3925 227 3937 .
240 3886 383 3954 quotannis]
418 3892 461 3939 ‘at
473 3891 504 3938 12
514 3903 559 3951 per
569 3896 635 3938 cent.
685 3890 811 3952 ccnrcyed
821 3887 857 3953 by
868 3889 916 3949 uti,
927 3888 976 3936 and
987 3887 1051 3937 Boot
1060 3890 1144 3938 would
1154 3890 1212 3937 read
1224 3892 1265 3938 ubi

68 3948 190 4003 claumos
203 3952 271 4003 from
285 3952 329 4004 the
345 3953 402 4003 dcte
416 3953 444 4003 oi
458 3953 502 4004 the
516 3952 565 4004 last
578 3969 635 4003 con·
685 3961 714 4002 tu
724 3955 767 4017 qui
778 3954 817 4002 atr
823 3968 835 4012 ,·
851 3953 898 4002 but
908 3955 963 4016 quta
969 3953 1053 4001 would
1060 3968 1128 4002 more
1138 3954 1247 4003 naturall

68 4018 258 4086 tractandum
278 4022 306 4067 et
324 4017 413 4082 simple
430 4018 477 4068 but
497 4018 637 4082 compound
684 4018 731 4068 fall
746 4023 798 4080 cut,
816 4017 908 4079 unless,
926 4016 1022 4080 indeed,
1042 4034 1081 4067 wc
1097 4019 1156 4068 read
1172 4020 1209 4067 lle
1223 3971 1265 4068 αὖ

69 4083 177 4132 utorest’
221 4081 303 4132 There
326 4081 385 4144 hod,
409 4098 443 4133 no
464 4083 549 4145 doubt,
573 4082 637 4133 been
686 4086 785 4147 quiair.

69 4146 193 4197 morcthuu
209 4162 257 4197 une
273 4149 415 4210 myrapia
428 4147 455 4196 in
470 4148 595 4198 reierenoe
611 4155 638 4198 to
717 4149 784 4197 nihil
794 4146 935 4213 praecipui]
970 4146 1009 4196 On
1023 4145 1076 4197 this
1087 4146 1169 4196 whole
1180 4152 1262 4198 truns-

69 4208 276 4262 thctrrnsactiou:
295 4227 336 4262 see
346 4228 379 4262 on
390 4213 444 4262 su.
455 4228 481 4262 r.
492 4215 533 4276 21,
545 4216 584 4272 ll,
595 4215 635 4274 12,
687 4212 776 4274 action,
791 4227 831 4262 see
842 4226 875 4261 cn
885 4212 973 4262 Ater.
985 4215 1025 4272 21,
1041 4215 1079 4272 12,
1092 4211 1141 4274 Ep.
1154 4211 1200 4261 ool.

71 4271 110 4336 Ep.
121 4276 181 4338 ecl,
201 4278 252 4325 and
262 4275 298 4327 ri.
312 4280 335 4336 l,
348 4279 373 4338 6,
386 4277 435 4341 Ep.
448 4276 514 4328 cclii.
719 4277 862 4342 elepouttac]
893 4276 987 4327 ‘moral
993 4277 1095 4342 purism,
1104 4275 1267 4340 punctilious·

97 4345 121 4387 tu
132 4345 184 4403 quis
194 4344 239 4404 qut
251 4340 301 4407 aie]
329 4339 379 4392 We
392 4341 456 4393 here
467 4342 576 4392 restored
584 4343 639 4405 quio
687 4341 763 4393 nese)

70 4401 186 4455 tonsu.
199 4404 245 4454 vii.
257 4408 296 4466 17,
309 4408 333 4455 2.
368 4406 449 4456 Thero
460 4406 639 4457 itisiollowed
721 4409 745 4457 8.
763 4408 867 4467 amplius
882 4407 1070 4470 quinquaqinta]
1102 4404 1149 4457 Soc
1164 4421 1197 4456 on
1210 4408 1265 4458 stt.

70 4465 98 4530 by
115 4470 187 4531 enh,
206 4471 258 4520 sud
278 4486 363 4521 means
387 4470 461 4521 ‘who
482 4486 524 4522 ara
543 4487 593 4536 you
612 4478 639 4522 to
688 4488 714 4522 v.
729 4476 752 4534 l,
768 4470 854 4535 1,Ep.
868 4470 978 4520 clxxxiv.

71 4534 141 4595 uy’?
154 4487 223 4597 here,
242 4534 360 4587 followed
374 4535 409 4602 by
422 4536 508 4599 indic,
520 4536 542 4587 it
555 4552 639 4589 means
