3150 5109
630 449 757 516 160
1415 443 1610 512 σοι.
1661 440 1758 526 (Α
1770 442 1903 508 Tr.
1966 440 2042 508 V.
2089 439 2225 525 21).

632 621 832 689 animi
878 620 1120 688 crimen
1178 618 1475 685 futurum
1532 616 1635 682 sit.
1725 614 1978 683 Verum
2036 612 2194 680 haec
2251 611 2639 680 videbimus.
2731 615 2797 679 4.
2844 612 3022 693 Illud,

632 753 670 813 [1
680 727 804 793 und
830 724 1169 812 polliceris,
1198 722 1394 788 velim
1435 742 1553 808 pro
1598 723 1714 786 tua
1751 717 1882 784 fide
1922 717 2389 805 diligentiaque
2417 721 2486 783 et
2512 738 2634 804 pro
2660 719 2888 783 nostra
2912 738 3025 781 non

632 830 949 909 instituta,
969 829 1079 894 sed
1095 827 1230 893 iam
1250 826 1612 891 inveterata
1639 822 1926 890 amicitia
1955 844 2134 889 cures
2156 827 2216 887 et
2243 821 2514 901 enitare,
2545 825 2625 887 ut
2657 820 3025 907 supplicatio

636 932 817 1001 nubis
844 954 1041 1018 quam
1066 927 1707 997 honorificentissime
1730 948 1928 1013 quam
1959 925 2369 1014 primumque
2389 925 2802 991 decernatur.
2892 922 3025 989 Om-

636 1041 789 1102 nino
818 1035 1018 1101 serius
1044 1034 1194 1100 misi
1221 1032 1470 1099 litteras
1498 1053 1697 1117 quam
1728 1029 2004 1097 vellem:
2048 1029 2120 1095 in
2149 1050 2276 1115 quo
2305 1049 2454 1095 cum
2485 1028 2841 1094 difficultas
2866 1027 3024 1092 navi·

636 1138 835 1225 gandi
865 1138 996 1205 fuit
1024 1138 1262 1217 odiosa,
1290 1139 1436 1204 tum
1478 1139 1545 1201 in
1585 1135 1801 1223 ipsum
1844 1134 2191 1200 discessum
2229 1135 2490 1199 senatus
2522 1131 2833 1198 incidisse
2861 1130 3025 1196 credo

640 1265 809 1309 meas
852 1242 1117 1309 litteras.
1207 1240 1337 1307 Sed
1386 1240 1458 1306 id
1506 1238 1633 1305 feci
1675 1239 1992 1305 adductus
2035 1236 2416 1303 auctoritate
2466 1241 2536 1302 et
2574 1236 2844 1302 consilio
2891 1240 3024 1299 tuo:

636 1349 830 1433 idque
875 1368 916 1412 a
959 1368 1064 1412 me
1113 1349 1282 1411 recte
1333 1344 1581 1410 factum
1630 1345 1810 1429 puto,
1862 1342 2037 1428 quod
2080 1362 2214 1407 non
2259 1340 2500 1419 statim,
2553 1342 2634 1405 ut
2687 1337 3026 1425 appellatus

640 1453 984 1537 imperator
1011 1449 1155 1529 sim,
1195 1449 1308 1514 sed
1351 1447 1497 1513 aliis
1535 1445 1726 1513 rebus
1776 1445 2017 1512 additis
2066 1443 2450 1529 aestivisque
2484 1442 2802 1509 confectis
2828 1443 3024 1507 literas

640 1554 939 1621 miserim.
1030 1551 1218 1619 Haec
1244 1551 1451 1639 igitur
1478 1549 1603 1617 tibi
1630 1553 1822 1617 erunt
1863 1571 2072 1630 curae,
2103 1571 2297 1635 quem
2326 1548 2413 1614 ad
2438 1548 2713 1615 modum
2743 1545 3021 1624 ostendis,

640 1680 866 1745 meque
892 1661 1106 1725 totum
1132 1660 1198 1723 et
1225 1678 1370 1723 mea
1399 1658 1465 1722 et
1491 1677 1671 1721 meos
1699 1655 2177 1721 commendatos
2204 1650 2494 1718 habebis.

944 2076 1134 2147 CCL.
1225 2076 1567 2145 CICERO
1613 2075 1731 2142 ΤΟ
1778 2072 2182 2142 ATTICUS
2240 2071 2440 2159 (An.
2490 2095 2558 2138 v.
2609 2074 2732 2158 21).

1228 2294 1291 2339 Α.
1326 2295 1393 2339 υ.
1426 2295 1480 2338 0.
1516 2291 1656 2352 ‘7043
1704 2294 1764 2339 n.
1798 2293 1853 2338 c.
1887 2292 1951 2340 σο
1971 2294 1989 2353 ;
2036 2292 2185 2337 ΛΒΤ.
2219 2291 2339 2336 cm.
2371 2290 2458 2338 66.

740 2477 811 2529 M.
836 2476 1007 2529 Cicero
1025 2476 1251 2528 Atticum
1270 2475 1326 2526 in
1346 2474 1557 2539 Epirum
1589 2474 1781 2525 salvum
1812 2473 2005 2526 venisse
2041 2475 2239 2540 gaudet,
2275 2475 2446 2525 abesse
2468 2490 2590 2526 vero
2615 2474 2774 2525 Roma
2793 2473 2941 2524 dolet:
2970 2471 3018 2520 de

640 2565 664 2613 s
672 2560 797 2613 'ns-eii
817 2560 969 2625 legati
989 2557 1169 2610 litteris
1189 2559 1252 2609 ad
1273 2564 1500 2609 senatum
1520 2557 1701 2620 missis,
1727 2556 1848 2607 item
1869 2558 1930 2607 de
1951 2556 2068 2619 suis,
2095 2556 2156 2608 de
2178 2555 2350 2607 Bibuli
2369 2555 2553 2607 litteris
2574 2557 2741 2607 adhuc
2761 2554 3014 2606 mittefflm

644 2661 688 2693 τ
676 2648 838 2693 retur
857 2658 922 2692 ne
943 2640 1037 2691 sibi
1059 2638 1311 2705 provincia
1330 2644 1639 2704 prorogetur,
1664 2638 1757 2689 etsi
1778 2654 1917 2689 secus
1939 2638 2187 2689 existimet
2206 2638 2422 2700 Atticus,
2450 2638 2513 2688 de
2532 2638 2719 2689 litteris
2739 2637 2892 2688 Attici
2909 2636 2963 2686 ad
2979 2650 3019 2683 se

640 2725 744 2773 duit
748 2741 786 2786 e,
810 2725 873 2774 de
894 2721 1143 2789 Cibyratis
1164 2720 1417 2786 pantheris
1438 2736 1469 2770 a
1491 2720 1567 2770 M.
1596 2719 1802 2771 Octavio
1828 2719 2076 2784 expetitis,
2110 2720 2171 2771 de
2201 2718 2503 2770 abstinentia
2534 2736 2629 2769 sua
2656 2717 2953 2784 provinciali,
2973 2716 3020 2765 de

644 2825 672 2869 Ι.-
682 2825 756 2853 mn
732 2804 1000 2855 nfecturis'
984 2820 1039 2854 ιιι
1059 2801 1313 2868 provincia
1334 2800 1634 2864 constitutis,
1670 2802 1732 2851 de
1761 2799 2025 2851 itineribus
2057 2816 2145 2866 per
2162 2800 2334 2851 Asiam
2353 2800 2503 2851 factis
2535 2808 2590 2852 et
2609 2802 2774 2852 adhuc
2793 2798 3015 2858 radendis.

644 2889 700 2933 1Ι
724 2889 923 2937 decessu
954 2900 1061 2945 suo,
1098 2885 1159 2933 de
1189 2883 1349 2934 causis
1387 2890 1439 2933 et
1472 2882 1688 2947 negotiis
1722 2882 1795 2933 M.
1829 2881 2018 2948 Scaptii
2047 2898 2080 2934 a
2109 2882 2267 2933 Bruto
2298 2880 2394 2933 sibi
2427 2883 2802 2945 commendatis,
2827 2879 3020 2932 derebus

644 2965 937 3018 *la-mesticis.
1008 2964 1214 3029 Scripsit
1234 2963 1505 3015 Laodiceae
1528 2963 1703 3014 Idibus
1725 2964 2025 3015 Februariis.

1469 3144 1732 3201 CICERO
1770 3145 2034 3202 ATTICO
2071 3145 2222 3202 SAL.

776 3299 837 3363 1.
883 3295 979 3363 'I'e
1025 3296 1097 3361 in
1143 3294 1423 3382 Epirum
1474 3294 1729 3360 salvum
1774 3294 2024 3363 venisse
2069 3298 2154 3379 et,
2196 3298 2275 3362 ut
2317 3293 2560 3378 scribis,
2607 3318 2691 3361 ex
2737 3291 3020 3361 sententis

644 3402 981 3488 navigasse
1039 3398 1458 3466 vehementer
1515 3398 1805 3484 gaudeo:
1874 3420 2008 3465 non
2065 3421 2198 3466 esse
2255 3398 2505 3466 Romae
2561 3420 2712 3465 meo
2770 3406 3019 3483 tempore

648 3502 1109 3593 pernecessario
1140 3500 1528 3568 submoleste
1558 3500 1718 3582 fere,
1761 3500 1883 3567 hoc
1925 3524 2030 3570 me
2071 3507 2291 3569 tamen
2335 3503 2624 3571 consolor
2651 3525 2822 3569 uno:
2868 3519 3019 3587 spero

644 3625 708 3673 m
760 3608 903 3674 istic
952 3606 1233 3672 iucunde
1274 3603 1560 3671 hiemare
1606 3610 1672 3671 et
1721 3603 2000 3671 libenter
2047 3606 2453 3692 requiescere.
2543 3608 2607 3673 2.
2656 3606 2730 3673 C.
2780 3604 3018 3679 Coesius,

656 3713 848 3777 frater
880 3709 964 3782 Q.
998 3707 1219 3790 Cassii,
1252 3708 1594 3774 familiaris
1620 3707 1741 3789 tui,
1785 3708 2198 3793 pudentiores
2230 3709 2377 3776 illas
2417 3710 2669 3777 litteras
2707 3710 3018 3776 miserat-

648 3817 724 3881 zie
756 3812 990 3901 quibus
1027 3816 1105 3878 tu
1151 3835 1232 3879 ex
1272 3834 1376 3878 me
1415 3811 1694 3899 requiris
1737 3811 1897 3897 quid
1941 3811 2063 3879 sibi
2100 3814 2707 3901 voluerint—quam
2739 3837 2860 3894 eas,
2888 3830 3017 3897 quas

648 4005 756 4109 ζει
807 4001 862 4049 in
899 4000 1057 4060 ipsum
1096 3998 1346 4047 discessum
1381 3997 1606 4064 cenatus]
1690 3996 1799 4048 Tho
1896 3997 2076 4066 family
2096 4015 2180 4050 are
2200 3999 2426 4065 assigned
2447 4006 2501 4050 to
2523 4015 2653 4065 your
2673 3999 2820 4051 care-⁸

700 4071 823 4115 mate
844 4064 967 4114 used
989 4062 1256 4127 generally,
1292 4063 1385 4112 but
1404 4069 1495 4112 not
1514 4063 1718 4127 always,
1745 4070 1799 4112 to

648 4126 1800 4204 emthemonthofAnlowmgtothe
1968 4132 2014 4180 1.
2051 4145 2145 4179 uno
2210 4128 2664 4204 Thisistheconj.
2689 4123 3012 4179 ἀλυπία

648 4179 692 4253 irc
696 4201 783 4245 unt
823 4194 1034 4244 number
1076 4191 1132 4242 of
1173 4191 1400 4242 festivals
1432 4193 1531 4241 and
1578 4191 1798 4243 comitial
1898 4209 2007 4255 non,
2057 4192 2224 4245 which
2273 4193 2440 4243 would
2481 4193 2683 4243 involve
2737 4210 2769 4242 a
2816 4193 2938 4257 pisce
2971 4186 3013 4237 uf

664 4265 766 4325 1135
796 4259 852 4309 in
883 4258 994 4309 that
1031 4255 1223 4306 month.
1899 4259 1966 4321 ἀγ
1967 4259 2128 4321 pamla
2146 4258 2421 4323 altogether
2432 4258 2566 4307 alien
2580 4257 2713 4309 from
2728 4259 2814 4308 the
2825 4268 3013 4307 manners

708 4331 902 4373 esf-um
1036 4319 1250 4387 habebis]
1316 4319 1404 4370 the
1411 4320 1593 4405 polite
1623 4320 1798 4372 future
1899 4323 1999 4373 and
2020 4324 2274 4374 character
2294 4322 2350 4373 of
2372 4323 2562 4373 Cicero.

652 4389 760 4437 'fn
764 4406 795 4438 u
818 4357 924 4437 will
939 4359 1122 4452 kindly
1144 4386 1314 4436 attend
1334 4383 1423 4435 to!
1965 4391 2013 4437 2.
2057 4388 2388 4465 pudentiores]
2468 4387 2512 4439 is
2564 4388 2874 4451 predicative,
2918 4388 2931 4412 ‘
2945 4382 3011 4432 the

712 4473 756 4501 n
760 4468 871 4515 eque
905 4459 1055 4500 totum
1092 4488 1104 4499 .
1177 4450 1579 4514 ,commendatoeJ
1653 4454 1796 4515 ‘-my
1897 4450 2044 4503 letter
2057 4452 2226 4505 which
2235 4453 2302 4505 he
2314 4452 2523 4504 wroteis
2539 4468 2677 4504 more
2689 4445 3008 4507 modestthm'

648 4517 744 4565 1.·1·
778 4515 991 4580 entirely
1034 4516 1132 4564 and
1174 4530 1261 4580 my
1302 4512 1529 4563 fortunas
1571 4513 1670 4563 and
1711 4531 1800 4581 my
1900 4516 1990 4567 Sto.
