3150 5109
594 446 760 514 cccxx.
787 444 903 531 (ΔΤΥ.
934 445 993 514 VJ.
1019 446 1066 529 r).

364 803 532 872 com.
583 800 753 870 OIOERO
775 799 834 867 ΤΟ
857 798 1058 868 Aufidus
1082 799 1178 885 (Aur.
1202 821 1250 866 vr.
1275 801 1313 888 7).

532 1006 564 1049 n.
582 1004 615 1049 u.
632 1003 660 1047 o.
678 998 745 1061 7043
770 1001 800 1046 a.
816 1001 844 1046 o.
860 1000 911 1061 ⁶⁰3
934 1001 1010 1045 Ans.
1026 1001 1087 1046 oro.
1104 999 1146 1048 oo.

286 1169 325 1221 De
337 1168 367 1226 Q.
379 1165 635 1231 fmuemriperu
648 1163 1451 1230 flliumreocncilisto,dsresusiumilisri,dequsdniseyaote

235 1258 310 1303 antea
329 1251 467 1315 scripserat,
488 1251 519 1300 de
540 1248 677 1299 rationibus
698 1248 764 1312 apud
781 1248 843 1298 duos
860 1246 974 1297 civitates
995 1246 1172 1312 relinquendis,
1195 1262 1221 1297 se
1240 1247 1366 1308 Rhodum,
1388 1248 1451 1299 inde

237 1334 348 1384 Athenas
358 1332 466 1397 cogitare
475 1330 606 1393 proficisci,
619 1335 674 1379 tum
684 1328 782 1394 quaerit
797 1345 859 1379 num
875 1328 935 1395 quid
951 1328 1112 1393 reipublicae
1125 1329 1226 1380 nomine
1235 1329 1285 1381 sibi
1295 1330 1448 1381 mumdum

236 1416 265 1466 iu
275 1415 356 1467 reditu
367 1413 407 1477 sit,
421 1415 452 1464 de
463 1413 553 1464 Tirone
563 1428 644 1478 aegro.
678 1410 784 1475 Scripsit
796 1410 878 1461 Tarsi.

655 1551 786 1607 CICERO
805 1550 937 1606 ATTICO
956 1549 1033 1606 SAL.

305 1676 334 1742 1.
358 1674 502 1747 Quintus
516 1674 603 1741 filius
617 1674 671 1762 pie
690 1696 778 1755 sanc,
798 1695 851 1740 me
873 1671 1006 1759 quidam
1024 1678 1111 1740 certe
1128 1673 1271 1739 multum
1284 1671 1450 1756 hortante,

237 1781 295 1848 sed
309 1784 501 1859 currentem,
524 1778 672 1845 animum
693 1777 796 1865 patris
815 1777 866 1844 sui
880 1775 981 1844 sorori
996 1781 1071 1844 tuae
1084 1777 1311 1844 reconciliarit.
1358 1776 1449 1843 Eum

237 1885 333 1951 valde
347 1890 376 1948 et
393 1905 446 1949 me
467 1886 544 1949 tuae
562 1881 691 1949 litterae
712 1881 907 1948 excitarunt.
953 1880 1044 1953 Quid
1057 1881 1212 1967 quaeris?
1235 1880 1448 1947 confiderem

238 1994 277 2056 ut
291 1986 440 2054 volumus
454 2007 531 2052 asae.
575 1984 636 2051 Bis
657 1986 699 2051 ad
720 1989 755 2052 te
776 1989 873 2051 antea
893 1984 1006 2072 scripsi
1025 1986 1066 2051 de
1085 2007 1120 2051 re
1139 2006 1213 2051 mea
1233 1984 1398 2064 familiari,
1419 1984 1451 2052 si

237 2091 334 2157 modo
359 2087 422 2155 tibi
450 2088 597 2155 redditae
619 2089 747 2155 litterae
773 2092 860 2169 sunt,
887 2088 1019 2168 Graece,
1046 2093 1080 2156 ἐν
1106 2091 1275 2175 αἰνιγμοῖς.
1320 2086 1451 2156 Scilicet

237 2193 322 2259 nihil
337 2196 386 2259 est
399 2193 607 2258 movendum.
653 2190 719 2258 Sed
737 2196 848 2259 tamen
871 2191 1000 2277 ἆφελὼς
1019 2193 1238 2279 percontando
1255 2196 1292 2256 de
1309 2192 1448 2258 nomini·

238 2297 299 2364 bus
311 2295 449 2362 Milonis
463 2302 506 2375 et,
526 2299 565 2362 ut
584 2296 745 2382 expediat,
767 2299 806 2362 ut
823 2295 907 2362 mihi
926 2297 1056 2382 recepit,
1079 2295 1248 2377 hortando,
1272 2295 1397 2382 aliquid
1410 2300 1450 2363 tu

237 2400 394 2488 proficies.
439 2401 470 2465 2.
494 2398 569 2487 Ego
593 2399 775 2466 Laodiceae
811 2403 1012 2486 quaestorem
1041 2398 1236 2466 Mescinium
1265 2404 1450 2486 exspectare

236 2504 325 2587 iussi,
351 2508 389 2571 ut
406 2502 568 2571 coniectas
590 2503 732 2570 rationes
752 2504 826 2590 lege
848 2501 937 2569 Iulia
961 2503 1050 2589 apud
1067 2504 1149 2569 duas
1170 2503 1316 2569 civitates
1329 2504 1450 2589 possim

236 2608 429 2694 relinquere.
475 2605 630 2672 Rhodum
653 2607 727 2673 volo
753 2628 928 2694 puerorum
951 2628 1056 2686 causa,
1083 2607 1160 2672 inde
1184 2628 1282 2693 quam
1306 2606 1450 2693 primum

237 2711 397 2792 Athenas,
417 2710 479 2777 etsi
492 2710 623 2777 Etesiae
647 2711 742 2777 valde
761 2710 890 2776 reflant.
935 2707 1001 2776 Sed
1020 2711 1093 2776 volo
1117 2709 1168 2775 his
1193 2708 1447 2796 magistratibus,

237 2838 376 2903 quorum
398 2814 600 2881 voluntatem
628 2813 664 2879 in
693 2814 926 2901 supplicatione
955 2835 1027 2879 sum
1057 2817 1217 2900 expertus.
1263 2811 1317 2879 Tu
1338 2818 1450 2881 tamen

236 2921 331 2986 mitte
345 2918 437 2996 mihi,
453 2939 581 3002 quaeso,
605 2915 646 2983 oh
662 2916 750 2983 viam
771 2917 908 2996 litteras,
931 2939 1013 2984 num
1032 2916 1110 3004 quid
1132 2921 1226 3003 putes
1239 2917 1450 3001 reipublicae

237 3022 368 3088 nomine
391 3020 587 3086 tardandum
613 3042 680 3087 esse
698 3018 801 3086 nobis.
848 3019 926 3087 Tiro
946 3022 989 3087 ad
1009 3024 1042 3087 te
1062 3021 1202 3087 dedisset
1224 3020 1360 3103 litterae,
1384 3021 1450 3088 nisi

235 3148 312 3191 eum
327 3124 469 3209 graviter
488 3144 623 3210 aegrum
640 3122 704 3188 Issi
725 3123 936 3210 reliquissem.
982 3123 1047 3190 Sed
1064 3125 1220 3190 nuntiant
1235 3124 1352 3190 melius
1367 3147 1445 3193 esse.

238 3229 312 3317 Ego
341 3234 451 3295 tamon
480 3248 593 3315 angor.
643 3225 740 3294 Nihil
768 3227 857 3295 anim
885 3229 943 3295 illo
973 3229 1172 3295 adolescente
1202 3229 1331 3310 castius,
1361 3229 1448 3296 nihil

238 3332 439 3420 diligentius.

273 3482 296 3528 1.
314 3476 508 3541 adcurrentem]
537 3474 660 3541 ‘nothing
676 3476 760 3527 loth’z
778 3493 819 3529 see
868 3476 998 3541 perienoed
1013 3477 1041 3528 in
1057 3477 1204 3530 thomatter
1219 3478 1247 3529 oi
1262 3479 1306 3529 the
1322 3477 1448 3543 supplica·

238 3544 293 3593 Att.
306 3559 331 3591 v.
346 3545 369 3602 9,
385 3546 406 3603 1,
421 3541 468 3604 Ep.
482 3557 552 3591 cxcv.
869 3542 943 3593 tion!

271 3609 378 3656 nicetas
389 3605 537 3670 nocendum]
556 3604 816 3670 ‘don’tukeanyde-
902 3606 1060 3673 tardandum]
1107 3610 1214 3658 Tarders
1241 3607 1263 3657 is
1292 3615 1338 3659 not
1369 3608 1449 3659 found

238 3671 389 3734 oidedstep.’
400 3670 819 3722 Moosreisusedinthesemesense
868 3671 972 3722 intrans.
986 3680 1074 3737 except
1083 3673 1111 3723 in
1121 3674 1152 3722 ad
1164 3673 1234 3724 Brut.
1246 3673 1264 3722 i.
1279 3677 1317 3734 18,
1333 3677 1354 3734 l,
1365 3673 1450 3725 where

237 3754 266 3788 as
282 3738 388 3796 movebis,
406 3737 459 3784 Att.
476 3751 502 3784 v.
521 3737 559 3796 15,
579 3739 601 3796 1,
615 3735 663 3799 Ep.
676 3735 817 3797 clxxxviii,
869 3737 912 3787 the
923 3738 992 3787 word
1002 3737 1025 3787 is
1035 3739 1096 3788 used
1106 3744 1133 3788 to
1144 3738 1257 3802 disprove
1268 3739 1311 3788 the
1325 3738 1447 3802 genuine·

238 3802 288 3852 and
304 3806 448 3857 commovete,
466 3800 520 3848 Art.
539 3816 565 3849 v.
588 3803 618 3849 14
637 3805 659 3862 l,
677 3800 726 3863 Ep.
743 3801 817 3861 cciv„
870 3818 926 3852 ness
943 3803 972 3852 oi
985 3803 1028 3853 the
1045 3805 1250 3866 correspondence
1266 3803 1328 3853 with
1344 3802 1449 3854 Brutus.

238 3868 368 3916 wheresee
379 3872 445 3914 note.
468 3862 517 3914 We
523 3864 613 3915 should
620 3881 665 3930 say
679 3865 729 3916 ‘let
738 3865 818 3930 sleep·
870 3866 966 3932 Meyer,
978 3867 1103 3930 however,
1114 3871 1146 3917 ad
1156 3871 1198 3917 loc.
1211 3872 1301 3931 p.134,
1313 3868 1451 3919 vindicatos

239 3931 354 3995 ingdogs
364 3929 417 3978 lie'
871 3934 969 3981 tardare
989 3932 1094 3983 intrans.
1122 3933 1157 3998 by
1179 3935 1267 3982 durare
1294 3937 1397 3982 intrans.
1421 3933 1450 3982 in

272 3999 371 4061 ἂφολῶς
383 3992 556 4060 percontando]
593 3994 644 4059 ‘by
660 3993 820 4060 questioning
870 3996 990 4046 Plautus:
1003 4014 1044 4048 see
1055 3998 1117 4061 1²1³.
1132 4002 1172 4046 61.
1206 3997 1255 4047 We
1266 3998 1339 4047 think
1352 4000 1450 4047 tardare

238 4062 292 4111 him
302 4059 394 4124 simply
408 4059 573 4134 (sam-saron)
584 4059 660 4109 about
678 4058 764 4110 hlilo’s
774 4076 817 4110 ac·
869 4061 974 4112 intrans.
993 4062 1075 4126 might
1092 4063 1147 4112 well
1170 4062 1201 4112 bo
1223 4078 1238 4112 a
1259 4062 1449 4127 colloquialism.

238 4132 335 4188 counts,
357 4124 407 4173 ond
428 4139 520 4187 urgmg
540 4122 594 4172 him
621 4129 648 4173 to
675 4124 748 4175 settle
775 4124 820 4175 the
870 4126 1223 4187 Howerer,canwenothere
1233 4128 1450 4178 taketordandssm

239 4197 328 4241 matter
346 4206 373 4238 as
392 4187 424 4237 he
443 4188 565 4251 promised
582 4204 629 4249 me,
649 4204 700 4253 you
718 4188 770 4239 will
787 4189 819 4240 be
869 4207 896 4240 es
907 4192 1044 4256 governing
1055 4193 1134 4254 quid!
1149 4193 1192 4242 the
1203 4194 1283 4242 words
1294 4194 1377 4244 would
1387 4193 1451 4244 then

238 4257 295 4307 able
305 4266 331 4305 to
342 4254 373 4303 do
384 4268 451 4302 some
462 4252 544 4316 good.’
869 4271 942 4305 mean
963 4256 1092 4307 ‘whether
1107 4273 1155 4321 you
1172 4257 1246 4307 think
1265 4258 1277 4307 1
1297 4260 1393 4320 should,
1415 4275 1451 4309 on

273 4324 296 4369 2.
312 4322 360 4382 lece
371 4316 459 4431 Iulia}
478 4317 525 4367 See
535 4321 594 4392 nota
604 4333 637 4366 on
645 4317 713 4368 these
721 4319 817 4369 words:
869 4320 953 4383 public
968 4323 1084 4385 grounds,
1097 4322 1170 4387 delay
1180 4339 1223 4386 my
1233 4322 1341 4388 journey
1353 4331 1380 4373 at
1394 4324 1448 4373 all.'

239 4386 294 4436 Att.
307 4401 333 4434 w.
347 4386 385 4443 10,
399 4385 423 4442 2,
460 4399 485 4445 p.
497 4397 577 4432 oxon.
899 4389 1008 4448 praviter
1026 4388 1135 4452 aarum]
1175 4403 1213 4450 cp.
1233 4403 1257 4436 re
1275 4404 1322 4437 nos
1338 4392 1452 4450 grauiter

272 4451 312 4498 Isis
323 4446 517 4513 magistratibus]
547 4446 636 4495 ‘while
647 4446 818 4512 thosemagis·
869 4450 961 4512 habers,
980 4453 1035 4500 nst.
1055 4451 1099 4501 rii.
1119 4456 1143 4513 2,
1167 4456 1189 4513 3,
1211 4451 1259 4515 Ep·
1283 4452 1397 4513 ccxciii.;
1421 4470 1451 4504 so

239 4521 315 4565 tratas
332 4513 392 4564 hold
410 4512 480 4563 office
499 4512 583 4562 whose
599 4513 663 4576 good
676 4511 728 4562 will
746 4512 760 4562 1
775 4529 818 4563 ex·
869 4517 952 4566 leviter
963 4523 1096 4580 aegrotam,
1110 4516 1159 4567 off.
1172 4517 1191 4567 i.
1205 4519 1245 4566 83.
