3150 5109
519 450 658 517 ouen.
684 449 801 532 (sur.
833 451 893 517 Vl.
915 451 960 536 1).
1279 453 1340 518 ιιι

128 627 182 692 sit.
227 623 405 709 Dionysius
419 623 501 690 mihi
515 624 647 709 quidem
667 623 704 689 in
723 622 887 690 amoribus
901 628 960 690 est.
1005 623 1105 692 Pueri
1119 629 1228 692 autem
1246 626 1340 692 aiunt

128 752 205 797 eum
233 728 379 795 furenter
406 726 510 793 iraaoi.
555 725 621 793 Sed
648 726 745 795 homo
774 749 834 793 nse
866 728 990 794 doetior
1015 751 1075 794 neo
1103 729 1245 795 sanctior
1269 729 1341 795 fieri

128 837 236 921 potest
249 855 309 898 neo
322 831 373 897 tui
387 832 514 917 meique
529 831 699 897 amantior.
746 831 798 897 13.
822 829 1012 912 Thermum,
1027 831 1145 898 Silium
1159 855 1233 899 vere
1248 833 1342 899 audis

128 938 276 1004 laudari:
299 937 394 1003 valde
412 934 546 1002 honeste
568 957 599 999 ae
625 939 754 1021 gerunt.
799 934 897 1000 Adde
919 934 968 1001 M.
991 934 1149 1016 Nonium,
1169 935 1339 1016 Bibulum,

129 1063 192 1122 me,
215 1041 244 1106 si
264 1040 360 1106 voles.
406 1037 481 1104 Iam
504 1037 618 1104 Serota
639 1037 758 1104 vehem
779 1036 914 1105 haberet
935 1036 994 1105 ubi
1015 1043 1132 1125 posset.
1177 1039 1240 1106 Est
1254 1039 1342 1106 enim

128 1145 257 1210 lautum
285 1142 464 1230 negotium.
521 1141 629 1208 Ceteri
656 1141 826 1208 infirmant
861 1143 1033 1225 πολίτευμα
1065 1140 1206 1208 Catonis.
1252 1143 1341 1209 Hor·

129 1248 234 1315 tensio
243 1248 330 1332 quod
340 1268 469 1312 eausam
482 1267 589 1311 meam
604 1245 820 1324 oommendas,
835 1245 931 1311 valde
946 1250 1087 1331 gratum.
1132 1245 1184 1311 De
1198 1246 1342 1313 Amiano

130 1351 200 1439 spei
228 1350 312 1417 nihil
340 1353 436 1436 putat
471 1371 538 1415 esse
573 1347 762 1433 Dionysius.
823 1347 970 1415 Terentii
1003 1349 1133 1415 nullum
1167 1351 1343 1436 vestigium

129 1455 261 1542 agnovi.
305 1452 517 1540 Moeragenes
530 1458 615 1519 eerte
629 1452 734 1537 periit.
780 1451 860 1518 Feoi
873 1452 1002 1538 iterper
1018 1453 1087 1519 eius
1101 1454 1341 1539 possessionem,

131 1559 166 1625 in
184 1581 248 1644 qua
262 1556 383 1623 animal
397 1556 559 1642 reliquum
576 1554 707 1621 nullum
730 1560 790 1621 est.
835 1556 930 1623 Haeo
951 1578 1019 1622 non
1039 1579 1153 1623 noram
1168 1563 1251 1637 tum,
1266 1581 1341 1624 oum

133 1662 320 1729 Democrito
343 1664 401 1726 tuo
424 1682 492 1725 oum
517 1660 644 1724 loeutus
673 1680 756 1725 sum.
802 1657 944 1725 Rhosiea
972 1682 1049 1726 vasa
1071 1660 1235 1727 mandavi.
1279 1660 1345 1728 Sed

132 1766 285 1845 haustu,
311 1764 390 1850 quid
418 1763 568 1849 eogitas?
600 1763 637 1828 in
667 1761 807 1829 felioatis
835 1761 983 1829 laneibus
1012 1767 1045 1830 et
1075 1763 1344 1849 splendidissimis

101 1910 104 1916 «
132 1870 281 1937 oanistris
302 1866 477 1934 holusoulis
502 1888 561 1932 nos
589 1865 672 1932 soles
697 1888 837 1952 pasoers,
862 1866 943 1953 quid
964 1871 998 1932 te
1018 1868 1056 1933 in
1082 1868 1167 1934 vasis
1193 1867 1347 1934 fietilibus

133 1974 358 2061 appositurum
377 1971 514 2058 putem?
539 1974 641 2054 Κέρας
664 1969 803 2037 Phemio
832 1970 1026 2037 mandatum
1054 1975 1123 2037 est:
1154 1971 1344 2059 reperietur,

134 2078 231 2145 modo
246 2077 370 2163 aliquid
383 2075 441 2141 illo
456 2075 595 2162 dignum
609 2078 713 2140 oanat.
754 2076 807 2139 14.
827 2073 1019 2140 Parthicum
1029 2074 1153 2141 bellum
1167 2075 1343 2162 impendet.

134 2181 264 2248 (lessius
278 2180 406 2266 ineptas
424 2177 550 2244 litteras
571 2177 682 2243 misit:
706 2179 846 2244 neodum
860 2177 976 2244 Bibuli
990 2183 1083 2243 erant
1098 2178 1249 2244 adlatae:
1273 2180 1344 2265 qui·

134 2284 196 2353 bus
208 2284 351 2351 reoitatis
364 2286 444 2369 puto
460 2283 528 2349 iore
542 2285 581 2348 ut
595 2282 771 2368 aliquando
797 2286 1035 2348 eommoveatur
1054 2285 1195 2348 senatus.
1241 2281 1346 2369 Equi-

134 2391 211 2456 dem
239 2411 311 2454 sum
339 2387 377 2452 in
412 2408 534 2473 magna
571 2385 674 2450 animi
703 2383 955 2471 perturbatione.
1015 2383 1062 2464 si,
1094 2389 1133 2450 ut
1162 2389 1249 2471 opto,
1278 2409 1346 2452 non

135 2497 328 2580 prorogatur
355 2494 503 2557 nostrum
527 2488 709 2575 negotium,
740 2487 844 2555 habeo
868 2488 1004 2554 Iunium
1030 2492 1063 2555 et
1087 2487 1287 2560 Quinotilem
1308 2489 1345 2555 in

134 2600 236 2663 metu.
280 2594 372 2671 Esto,
393 2594 474 2658 duos
491 2592 622 2677 quidem
647 2614 773 2658 menses
795 2592 967 2659 sustinebit
989 2590 1139 2657 Bibulus.
1185 2590 1275 2663 Quid
1288 2593 1346 2659 illo

135 2700 202 2779 fiet,
218 2719 314 2784 quem
328 2696 497 2781 reliquero,
512 2695 703 2781 praesertim
718 2695 747 2761 si
761 2695 922 2762 fratrem?
945 2697 1025 2782 quid
1038 2717 1090 2761 me
1104 2700 1223 2774 autem,
1239 2696 1267 2760 si
1278 2718 1345 2762 non

135 2808 205 2869 tam
219 2802 283 2867 eito
298 2798 442 2866 deoedo?
485 2796 612 2885 Magna
633 2797 731 2865 turba
752 2802 810 2864 est.
856 2798 943 2865 Mihi
964 2804 1074 2865 tamen
1096 2820 1170 2864 oum
1192 2797 1346 2865 Deiotaro

133 2904 286 2972 eonvenit
310 2907 349 2969 ut
373 2902 430 2967 ille
453 2902 489 2967 in
513 2901 595 2967 meis
618 2901 731 2968 eastris
755 2906 839 2969 esset
863 2924 937 2968 oum
962 2902 1029 2968 suis
1052 2902 1152 2988 oopiis
1181 2902 1342 2969 omnibus.

136 3008 250 3076 Habet
279 3011 388 3072 autem
417 3003 562 3071 oohortes
598 3005 888 3091 quadringenarias
924 3011 1034 3073 nostra
1063 3010 1228 3072 armatura
1264 3030 1343 3087 xxx,

135 3112 282 3199 equitum
297 3130 347 3176 cro
367 3129 428 3175 o1o.
473 3107 550 3174 Erit
571 3109 614 3174 ad
636 3110 885 3176 sustentandum
903 3111 1010 3197 quoad
1027 3110 1202 3197 Pompeius
1223 3112 1343 3192 veniat,

134 3217 194 3302 qui
208 3214 334 3293 litteris,
350 3235 431 3299 quas
445 3212 487 3276 ad
502 3233 554 3277 me
568 3211 684 3292 mittit,
700 3214 864 3299 signifieat
878 3237 972 3280 suum
986 3214 1157 3302 negotium
1171 3214 1254 3279 illud
1261 3217 1341 3281 fore.

136 3319 299 3386 Hiemant
327 3317 363 3383 in
387 3320 498 3382 nostra
525 3316 691 3399 provineia
717 3316 843 3383 Parthi.
873 3317 1091 3405 Exspeotatur
1115 3317 1184 3403 ipse
1209 3316 1341 3385 Orodes.

170 3491 210 3537 13.
231 3486 371 3551 mum]
412 3486 492 3536 These
511 3501 553 3535 ure
572 3485 710 3550 provincial
802 3488 919 3553 Rhosica]
969 3487 1081 3538 Rhosian
1114 3502 1189 3548 ware,
1218 3488 1290 3537 made
1317 3497 1344 3540 at

168 3552 424 3602 vernare-Thermus
442 3552 471 3601 of
492 3550 560 3612 Asia,
586 3551 662 3601 Silius
680 3552 709 3602 of
769 3552 878 3615 Rhesus,
902 3570 918 3602 s
939 3558 1008 3604 town
1029 3552 1057 3602 oi
1084 3551 1165 3617 Syria.
1200 3552 1344 3604 Athenaeus

135 3569 198 3667 him
235 3617 266 3677 a,
285 3616 382 3665 Nonius
401 3616 429 3666 of
446 3617 519 3665 Crete
536 3618 585 3665 and
602 3616 707 3681 Cyrene.
768 3618 816 3681 (vi.
836 3621 883 3667 229
900 3618 932 3732 hl)
949 3634 1007 3683 says
1022 3617 1074 3667 thie
1090 3633 1155 3667 ware
1171 3633 1223 3667 was
1240 3619 1338 3669 εὐανθέ-

136 3683 222 3732 Gieero
233 3697 290 3746 says
300 3680 342 3730 the
353 3688 436 3744 report
443 3681 499 3730 thet
509 3681 570 3746 they
580 3680 644 3731 have
652 3698 710 3731 won
768 3700 871 3734 στατον.
927 3683 959 3732 he
977 3683 1045 3732 word
1061 3681 1340 3747 usedbytheRomans

136 3748 227 3812 golden
237 3745 350 3809 opinions
361 3745 388 3794 in
398 3745 464 3795 their
473 3747 601 3809 provinoss
612 3746 706 3796 istrue.
766 3748 808 3797 for
819 3763 835 3796 o
844 3747 933 3797 dinner
944 3748 1037 3797 servios
1047 3746 1070 3797 is
1081 3749 1210 3810 synthesis.

138 3818 146 3841 ⁴
156 3812 170 3861 Ι
183 3813 242 3876 only
252 3810 315 3859 wish
326 3810 413 3859 Scrofa
423 3811 472 3859 had
483 3827 498 3859 a
510 3816 671 3873 government
681 3811 709 3860 in
793 3812 917 3878 falsatis]
952 3812 1136 3876 ‘fem-psttem
1144 3811 1244 3861 disne)
1268 3813 1337 3863 Atti·

137 3876 220 3926 whioh
231 3875 263 3924 hs
279 3874 352 3924 oould
368 3890 427 3923 earn
446 3875 526 3924 men‘s
541 3876 631 3939 praise.
666 3875 709 3925 He
767 3892 811 3926 cus
832 3876 854 3926 is
876 3877 946 3927 often
968 3876 1056 3927 rallied
1077 3877 1111 3941 by
1131 3877 1217 3927 Cicero
1243 3891 1277 3926 on
1298 3878 1338 3928 bis

136 3939 351 3992 isafinefellow.
385 3939 439 3989 The
451 3948 502 3990 rest
512 3941 543 3989 do
554 3940 620 3990 little
631 3940 709 3990 eredit
765 3941 925 4007 parsimony:
944 3942 1022 3992 soeI¹
1035 3957 1061 4005 p.
1075 3945 1116 3991 45.

136 4013 164 4057 to
175 4005 260 4056 Cato’s
270 4003 405 4068 plstform.¹
801 4011 840 4055 14.
858 4006 996 4071 sustinebit]
1032 4005 1155 4056 ‘Bibulus
1172 4005 1225 4055 will
1239 4007 1271 4056 be
1285 4007 1340 4058 able

170 4086 264 4119 caueam
287 4068 375 4134 meam]
410 4068 464 4119 The
482 4068 629 4131 prevention
648 4070 710 4119 ofa
765 4070 864 4120 tohold
880 4071 924 4121 the
943 4071 1076 4122 Parthians
1095 4073 1123 4120 in
1141 4070 1218 4121 ehsok
1232 4071 1273 4120 ior
1289 4079 1341 4121 two
1371 4074 1374 4081 '

137 4136 253 4185 renewed
268 4139 357 4185 tenure
382 4134 411 4184 of
436 4133 573 4198 provincial
600 4149 707 4198 gosem-
766 4135 884 4185 months!

138 4207 215 4250 ment.
799 4199 1027 4267 quadriaqmarim]
1067 4199 1221 4264 ‘oonsisting
1242 4200 1270 4250 of
1291 4204 1339 4251 40⁰
1437 4229 1439 4237 ι

173 4263 291 4328 Terentii]
326 4262 372 4313 See
391 4278 424 4312 on
440 4262 494 4314 att.
512 4279 538 4312 v.
559 4264 598 4323 15,
618 4265 642 4323 3,
661 4262 709 4327 Ep.
766 4280 824 4315 men
834 4265 914 4315 esch!

137 4330 210 4380 eevii.
799 4332 847 4378 orie
866 4330 911 4396 ad]
946 4330 992 4381 See
1010 4346 1043 4381 on
1064 4331 1119 4380 stt.
1143 4327 1181 4378 iii
1203 4331 1225 4391 7,
1246 4332 1270 4392 2,
1289 4329 1339 4395 Ep.

166 4392 346 4460 macedonem]
383 4392 529 4457 ‘holding’;
547 4398 664 4457 property
682 4391 710 4441 in
767 4393 834 4445 lxiii.

137 4459 197 4508 land
207 4459 235 4508 in
244 4460 288 4509 the
298 4457 428 4523 provinces
434 4457 605 4509 vestedintba
613 4457 711 4508 Roman
800 4467 882 4508 nostra
888 4458 1029 4527 provincia]
1042 4481 1061 4502 ·-·
1073 4462 1189 4522 Romana,
1207 4475 1235 4509 as
1244 4458 1273 4510 in
1283 4460 1341 4511 Att.

136 4525 232 4588 people.
767 4540 795 4575 v.
807 4526 847 4585 21,
861 4530 887 4587 1,
897 4524 944 4590 Ep.
957 4525 1003 4576 ool.

201 4621 261 4656 von.
274 4621 315 4657 ιιι.
1186 4603 1212 4655 N
