3150 5109
308 490 374 561 ras
608 492 770 561 ccxxx
778 494 882 563 rm.
909 492 1033 577 (ssu,
1055 492 1136 562 rr.
1159 491 1209 575 ι).

307 667 481 735 habuimus
495 668 583 755 apud
596 666 683 735 Aras
696 666 880 735 Alexandri
893 666 1121 754 quadriduum,
1137 668 1171 733 et
1184 665 1221 731 in
1234 662 1373 750 reliquiis
1384 661 1503 729 Amani
1534 678 1535 683 ’

304 772 454 839 delendis
468 772 618 859 agrisque
632 772 809 854 vastandis,
825 793 907 859 quae
922 792 996 857 pars
1010 769 1080 837 eius
1092 769 1215 836 montis
1228 789 1318 834 meae
1331 766 1505 853 provinciae

307 880 367 953 est,
389 876 425 943 id
446 881 576 964 tempus
597 899 693 943 omne
713 875 978 962 consumpsimus.
1024 873 1077 940 10.
1101 871 1266 939 Confectis
1285 870 1338 936 his
1356 868 1450 936 rebus
1466 871 1505 935 ad

303 980 464 1066 oppidum
486 979 793 1047 Eleutherocilicum
817 978 1046 1046 Pindenissum
1067 976 1243 1044 exercitum
1264 974 1401 1042 abduxi:
1425 974 1505 1059 quod

308 1106 382 1149 eum
397 1088 480 1151 esset
494 1084 651 1152 altissimo
675 1087 708 1151 ct
730 1083 948 1151 munitissimo
970 1083 1040 1148 loco
1061 1080 1103 1147 ab
1120 1079 1224 1166 iisque
1241 1079 1440 1160 incoleretur,
1454 1078 1506 1163 qui

308 1209 350 1252 ne
364 1187 496 1274 regibus
511 1188 642 1275 quidem
656 1210 814 1275 umquam
827 1187 1020 1275 periissent,
1035 1207 1110 1252 cum
1123 1188 1157 1251 et
1166 1183 1326 1271 fugitivos
1339 1182 1505 1269 reciperent

307 1294 342 1357 et
352 1289 549 1359 Parthorum
564 1292 742 1359 adventum
757 1291 927 1358 accerrime
941 1291 1172 1377 exspectarent,
1188 1290 1231 1355 ad
1244 1287 1506 1354 existimationem

306 1393 437 1480 imperii
451 1395 612 1482 pertinere
627 1393 802 1462 arbitratus
817 1417 890 1463 sum
910 1394 1118 1481 comprimere
1131 1413 1242 1459 eorum
1258 1391 1433 1469 audaciam,
1449 1411 1505 1476 quo

307 1498 433 1565 facilius
447 1499 547 1566 etiam
561 1502 740 1565 ceterorum
754 1499 867 1581 animi,
883 1498 941 1586 qui
955 1498 1053 1565 alieni
1068 1500 1174 1565 essent
1188 1495 1229 1562 ab
1243 1495 1379 1581 imperio
1392 1498 1505 1573 nostru,

308 1601 545 1691 frangerentur.
590 1601 689 1670 Vallo
711 1606 745 1669 et
765 1600 1084 1684 foscafficumdedi,
1108 1623 1165 1667 sex
1182 1599 1324 1666 castellis
1342 1599 1505 1685 castrisque

305 1706 459 1772 maximis
481 1706 595 1793 saepsi,
617 1730 747 1795 aggere,
768 1707 882 1789 vineis,
906 1705 1050 1774 turribus
1072 1704 1271 1792 oppugnavi,
1290 1726 1429 1790 ususque
1446 1708 1505 1768 tor·
1535 1728 1536 1739 ³

307 1810 427 1876 mentis
448 1811 571 1891 multis,
597 1811 710 1877 multis
735 1811 923 1898 sagittariis,
946 1832 1068 1897 magno
1092 1809 1203 1876 labore
1233 1830 1317 1889 mcc,
1349 1809 1416 1874 siue
1443 1806 1504 1872 ulla
1535 1850 1536 1861 ι

307 1913 475 1980 molestia*
484 1919 656 1996 sumptuve
678 1916 846 1997 sociorum,
872 1914 1008 2002 septimo
1038 1912 1331 2000 quinquagensimo
1360 1912 1412 1977 die
1444 1932 1505 1976 rem

305 2016 440 2097 confeci,
467 2023 506 2083 ut
528 2017 679 2085 omnibus
697 2019 844 2106 partibus
868 2019 959 2086 urhis
978 2017 1165 2085 disturbatis
1191 2021 1249 2083 aut
1270 2016 1409 2082 incensis
1430 2036 1504 2080 com·

307 2121 395 2206 pulsi
417 2122 453 2188 in
477 2127 672 2210 potestatem
696 2145 803 2189 meam
825 2123 1041 2210 pervenirent.
1086 2121 1153 2188 His
1177 2125 1271 2188 erant
1293 2119 1426 2186 finitimi
1443 2119 1505 2205 pari

305 2225 425 2292 scelere
454 2231 489 2293 et
517 2228 653 2294 audacia
682 2226 871 2294 Tebarani:
907 2228 949 2295 ab
978 2228 1019 2294 iis
1047 2226 1238 2294 Pindenisso
1267 2229 1363 2312 capto
1391 2223 1505 2290 obsides

307 2329 434 2415 accepi:
459 2331 636 2397 exercitum
659 2331 696 2397 in
719 2330 855 2397 hiberna
878 2331 996 2398 dimisi.
1042 2330 1084 2404 Q.
1108 2332 1244 2396 fratrem
1266 2329 1399 2416 negotio
1423 2347 1504 2412 prae

308 2432 411 2518 posui,
427 2434 516 2499 utin
530 2434 608 2500 vicis
623 2438 680 2500 aut
694 2434 797 2521 captis
811 2439 868 2501 aut
882 2435 967 2502 male
985 2434 1109 2524 pacatis
1127 2434 1285 2501 exercitus
1299 2432 1503 2498 collocaretur.

310 2536 363 2603 ll.
386 2534 486 2603 Nunc
509 2538 607 2604 velim
633 2540 679 2605 sic
700 2538 763 2605 tibi
782 2540 984 2625 persuadeas,
1009 2539 1037 2606 si
1060 2540 1100 2605 de
1124 2538 1166 2604 iis
1189 2535 1286 2604 rebus
1307 2536 1352 2602 ad
1370 2538 1505 2601 senatum
1536 2582 1537 2631 q

308 2640 449 2708 relatum
463 2642 515 2722 sit,
530 2665 583 2708 me
597 2642 857 2709 existimaturum
880 2665 1040 2709 summam
1061 2640 1144 2708 mihi
1162 2641 1294 2706 laudem
1308 2637 1506 2715 tributamsi
1536 2660 1537 2737 q

308 2747 348 2810 tu
361 2743 516 2813 honorem
530 2769 640 2813 meum
659 2748 822 2814 sententia
840 2750 900 2813 tua
920 2744 1144 2833 comprobaris.
1189 2742 1307 2830 quue,
1322 2743 1384 2809 etsi
1398 2741 1505 2809 talibus

310 2847 351 2914 de
365 2849 461 2917 rebus
480 2851 686 2936 graussimcs
700 2850 848 2918 homines
862 2855 895 2918 et
908 2873 1023 2940 rogare
1037 2849 1137 2916 solere
1152 2851 1185 2915 et
1198 2847 1308 2935 rogari
1321 2846 1397 2928 scio,
1409 2851 1507 2912 tamen
1536 2838 1537 2841 '

309 2953 550 3041 admonendum
565 2955 673 3040 potius
692 2960 726 3021 te
748 2978 768 3021 a
789 2977 842 3022 me
864 2977 963 3042 quam
983 2954 1166 3042 rogandum
1179 2957 1269 3040 puto.
1316 2950 1371 3017 Tu
1383 2974 1418 3017 es
1431 2950 1507 3016 enim

309 3054 348 3137 is,
371 3058 428 3143 qui
449 3079 501 3123 mc
521 3059 588 3125 tuis
612 3059 782 3126 sententiis
806 3059 990 3146 saepissime
1015 3057 1148 3137 ornasti,
1181 3055 1239 3142 qui
1269 3056 1427 3135 oratione,
1457 3051 1506 3139 qui

309 3160 557 3246 praedicatione,
581 3162 638 3248 qui
658 3162 792 3228 summis
813 3161 965 3228 laudibus
983 3161 1019 3227 in
1044 3166 1168 3240 senatu,
1194 3159 1231 3225 in
1251 3158 1454 3225 contionibus
1471 3155 1507 3220 ad

305 3262 434 3329 caelum
455 3264 611 3345 extulisti,
635 3264 726 3332 cuius
745 3288 807 3352 ego
830 3288 956 3350 semper
974 3267 1068 3331 tanta
1089 3286 1157 3330 esse
1179 3261 1354 3329 verborum
1375 3261 1507 3349 pondera

307 3366 431 3452 putavi,
446 3372 485 3434 ut
500 3390 566 3435 uno
581 3368 678 3435 verbe
694 3372 841 3435 tuocum
862 3391 935 3435 mea
954 3369 1052 3435 leude
1071 3367 1241 3435 coniuncto
1257 3367 1370 3432 omnia
1385 3362 1506 3449 adsequi

308 3490 361 3534 me
375 3469 557 3538 arbitrarer.
602 3471 650 3538 Te
665 3472 805 3559 denique
818 3472 964 3553 memini,
987 3494 1061 3539 cum
1082 3471 1211 3537 cuidam
1230 3469 1408 3536 οιιιιεειιιιο
1422 3474 1508 3553 atque

306 3572 432 3658 optimo
445 3573 516 3641 viro
535 3575 803 3663 supplicationem
822 3598 889 3643 non
909 3577 1101 3657 decerneres,
1121 3574 1226 3642 dicere
1246 3578 1280 3639 te
1300 3573 1506 3672 decreturum,

342 3779 366 3827 9.
380 3780 451 3827 Arae
459 3777 609 3855 Alexandri]
627 3795 667 3842 cp.
680 3779 751 3830 Fam.
763 3777 793 3830 ii.
807 3781 847 3842 10,
861 3782 885 3843 3,
938 3779 1045 3830 denoted
1055 3779 1090 3846 by
1108 3794 1124 3829 a
1142 3777 1256 3843 persoual
1274 3793 1398 3842 prcncun,
1417 3778 1506 3828 buna

308 3841 357 3906 Ep.
371 3840 486 3902 ccxxvi.;
505 3842 575 3894 Gurt.
588 3843 626 3893 ιιι.
640 3847 680 3894 33.
938 3844 1003 3895 elwa
1020 3860 1040 3905 s,
1049 3860 1094 3907 ac.
1107 3842 1164 3893 Fin.
1176 3843 1205 3893 ii.
1219 3846 1265 3893 30:
1279 3859 1319 3907 ep.
1332 3842 1398 3893 Reid
1408 3860 1442 3893 on
1452 3839 1506 3892 Sall.

345 3910 384 3956 10.
402 3906 503 3974 abduxi]
538 3908 571 3959 So
593 3909 659 3959 Wcs.
678 3910 745 3973 (Em.
768 3910 827 3958 Art.
846 3909 887 3975 52)
939 3912 986 3967 23:
1003 3862 1199 3974 hcby,§1147.

308 3971 445 4022 thinhswc
455 3972 544 4023 should
554 3973 835 4039 read3f0rinrelating
845 3974 889 4025 the
967 3973 1157 4039 praedimtiom]
1199 3973 1433 4023 ‘commendaticn’
1462 3970 1506 4020 ne

307 4052 377 4087 same
387 4036 582 4088 erentinFam.
594 4037 622 4087 ii.
634 4041 671 4099 10,
682 4042 705 4101 3,
718 4038 767 4103 Ep.
777 4039 886 4101 ccxxvi,
938 4044 1054 4089 sentence
1074 4038 1129 4088 isa
1150 4037 1249 4098 climax,
1273 4038 1379 4102 ‘hythe
1395 4037 1507 4102 lengum

310 4101 396 4152 (licere
415 4118 472 4168 says
482 4104 580 4165 abduxi,
593 4103 642 4152 and
656 4103 749 4154 matt.
765 4120 793 4155 v.
808 4107 848 4166 20,
863 4108 886 4167 3,
938 4104 1068 4168 youused,
1081 4103 1115 4167 by
1126 4119 1191 4169 your
1200 4102 1408 4165 commendatior,
1424 4101 1506 4165 audby

310 4165 359 4231 Ep.
373 4167 500 4231 ccxxviii,
514 4170 568 4218 inde
578 4170 734 4218 discescimroe.
937 4183 1003 4234 your
1012 4168 1074 4233 high
1084 4167 1249 4232 panegyrica!
1305 4228 1307 4231 Ι

309 4231 829 4348 Prqmpgquraeeaascac
847 4249 887 4297 ⁰¹³·
937 4235 1105 4349 ..tt'tlt
1116 4229 1506 4348 dtultf‘ttttff‘t

345 4334 385 4411 11:
401 4334 570 4412 cdeiomidum
586 4379 603 4411 c
619 4363 667 4428 me]
699 4361 754 4412 The
764 4361 814 4413 abl.
822 4361 886 4414 with
937 4364 1048 4414 decessor
1057 4363 1086 4414 of
1094 4362 1190 4426 Appius
1205 4378 1233 4412 as
1248 4313 1505 4434 galdinarbfcihla

311 4427 404 4477 aefter
413 4427 604 4491 thegcrundive
619 4428 765 4493 isnotvery
775 4428 884 4478 unusual
934 4426 1018 4478 When
1039 4428 1083 4478 the
1106 4427 1201 4478 mcticn
1226 4426 1267 4477 ior
1291 4442 1307 4475 a
1323 4429 1467 4489 supplicatio
1483 4439 1506 4473 ιιι

310 4489 583 4556 inssicero’sspeechcs
601 4493 753 4554 audletters‚
765 4492 812 4542 but
829 4508 884 4543 rare
932 4491 1507 4556 honourcthisprcrincialadministralionru

310 4554 338 4604 in
348 4556 420 4607 other
429 4557 534 4608 writers.
568 4557 701 4624 Generally
714 4557 759 4609 the
772 4557 883 4623 agentis
931 4558 1065 4620 advanced,
1075 4558 1136 4609 (lato
1144 4556 1250 4622 opposed
1256 4555 1286 4619 it,
1295 4556 1388 4622 saying
1395 4554 1506 4608 hewald
