3150 5109
296 425 340 490 aa
649 422 828 490 eorm
856 423 979 508 (rara
1003 424 1078 489 111.
1100 426 1147 511 a).

297 598 417 664 ferrem
428 597 465 663 in
478 619 598 664 meum.
633 596 895 686 Diligentissima
910 598 1068 685 seriptum
1082 602 1181 685 eaput
1194 605 1251 679 est,
1265 599 1357 686 qnod
1365 596 1483 686 pertinet

297 702 341 767 ad
366 701 561 767 minuendos
583 704 733 786 sumptus
760 701 949 767 civitatum:
972 723 1037 788 quo
1060 700 1097 765 in
1118 703 1222 789 eapite
1246 707 1325 768 sunt
1348 702 1484 788 quaedam

298 825 383 869 nova
396 803 552 870 salutaria
567 802 765 884 civitatibus,
780 802 899 889 quibus
920 825 982 891 ego
1002 825 1123 890 magno
1146 827 1240 891 opere
1262 805 1419 870 delector:
1438 803 1485 868 hoo

298 928 384 988 vero,
399 929 440 972 ex
454 927 518 993 quo
528 906 752 993 suspioionata
767 911 817 973 est
826 928 879 972 me
895 906 1070 993 exquisisse
1085 906 1209 993 aliquid
1223 908 1257 973 in
1272 930 1338 994 quo
1353 912 1386 972 te
1399 907 1483 972 odeu-

299 1011 420 1089 derem,
435 1010 634 1076 tralaticium
649 1014 707 1077 est.
757 1010 877 1097 Neque
900 1011 988 1077 enim
1012 1033 1100 1078 eram
1120 1016 1190 1078 tam
1205 1012 1374 1097 desipiens,
1388 1016 1423 1076 ut
1434 1011 1485 1097 pri·
1527 1030 1528 1037 ¹

298 1118 392 1179 ratae
407 1113 456 1180 rei
471 1136 567 1180 cama
581 1114 685 1202 legari
699 1117 859 1200 putarem,
871 1115 972 1200 quiet
986 1112 1047 1180 tibi
1061 1136 1128 1180 non
1139 1115 1265 1201 privato
1274 1120 1308 1180 et
1322 1136 1381 1200 pro
1391 1137 1423 1179 re
1435 1135 1486 1179 nou
1527 1102 1528 1105 ¹

297 1216 428 1303 privata
443 1239 511 1298 sua,
528 1218 585 1283 sed
599 1215 742 1303 publiea,
756 1239 825 1283 non
841 1218 878 1283 in
892 1218 1030 1305 privato,
1046 1216 1148 1283 sedin
1163 1217 1291 1305 publieo
1308 1216 1393 1284 orbis
1402 1222 1487 1282 terrae

298 1321 446 1400 oonsilio,
464 1320 573 1402 idest,
588 1321 625 1387 in
640 1326 766 1402 senatu,
781 1325 821 1388 ut
831 1322 954 1409 gratias
966 1325 1110 1409 agerent,
1121 1321 1346 1388 mittebantur.
1391 1320 1488 1406 Neque

300 1445 374 1490 oum
391 1423 490 1505 edixi,
506 1424 635 1511 nequis
650 1424 776 1491 iniussu
790 1447 863 1491 meo
883 1426 1145 1513 profloisoeretur‚
1165 1426 1286 1492 exolusi
1301 1448 1365 1505 eos,
1380 1425 1432 1510 qui
1449 1446 1488 1489 ne

300 1529 338 1594 in
354 1532 459 1595 eastra
474 1532 507 1595 et
522 1528 580 1614 qui
594 1532 685 1594 trans
699 1527 846 1595 Taurum
862 1530 1013 1616 persequi
1034 1551 1102 1595 non
1115 1535 1257 1617 possent.
1301 1529 1392 1595 Nam
1410 1529 1442 1593 id
1453 1534 1489 1592 ut

298 1632 439 1698 maxime
453 1632 489 1696 in
503 1632 569 1698 tuis
582 1631 700 1698 litteris
714 1633 937 1700 irridendum:
966 1633 1046 1719 quid
1061 1632 1149 1700 enim
1171 1639 1242 1699 erat
1257 1633 1344 1719 quod
1366 1654 1416 1696 me
1428 1652 1486 1716 per·

300 1739 510 1821 sequerentur
541 1734 577 1800 in
603 1739 707 1800 eastra
736 1733 922 1803 Taruumve
951 1736 1136 1818 transirent,
1161 1758 1236 1803 oum
1265 1758 1326 1823 ego
1352 1734 1491 1801 laodieea

300 1859 404 1924 usque
424 1839 469 1903 ad
491 1836 642 1904 Ioonium
662 1838 726 1904 iter
750 1837 799 1905 ita
819 1839 961 1922 feeerim,
985 1844 1024 1906 ut
1042 1862 1096 1906 me
1116 1840 1263 1907 omnium
1277 1841 1409 1905 illamrn
1421 1838 1491 1903 dioe-
1528 1926 1529 1933 ἵ

301 1941 432 2021 ossium,
448 1963 531 2026 quae
547 1941 592 2006 eis
607 1939 754 2007 Taurum
763 1947 851 2024 sunt,
866 1943 1076 2030 omniumque
1090 1967 1202 2011 earnm
1211 1944 1381 2010 civitatum
1395 1940 1491 2027 magia

300 2048 407 2111 tratus
420 2044 666 2131 legationesque
680 2047 919 2114 eonvenirent?
964 2048 996 2114 5.
1018 2047 1094 2115 Nisi
1114 2049 1199 2115 forte
1213 2052 1326 2135 postea
1340 2050 1492 2132 eoeperunl

300 2149 411 2235 legare
426 2169 525 2233 quam
540 2169 601 2233 ego
613 2146 760 2215 Taurum
770 2154 990 2238 transgressus
1004 2174 1095 2218 aum:
1112 2153 1198 2238 quod
1211 2157 1295 2218 eerte
1310 2151 1436 2216 nonita
1447 2152 1492 2214 est

302 2250 387 2318 (lum
409 2251 498 2317 enim
513 2250 704 2332 Laodioeae,
727 2276 803 2320 oum
827 2253 1006 2341 Apameae,
1029 2277 1103 2322 oum
1117 2254 1293 2342 Synnadis,
1313 2277 1388 2320 oum
1402 2251 1493 2318 Philo

301 2355 404 2436 melii,
431 2378 506 2421 oum
528 2354 635 2421 Ioonii
658 2379 770 2439 essem,
794 2357 912 2445 quibus
926 2359 963 2423 in
977 2359 1105 2445 oppidis
1128 2358 1279 2425 omnibns
1300 2358 1494 2424 oommoratns

301 2480 385 2540 sum,
398 2480 509 2525 omnes
523 2459 590 2525 iem
602 2459 696 2526 istius
711 2462 839 2548 generis
852 2462 1031 2549 legationes
1046 2467 1139 2529 eraut
1153 2463 1358 2529 eonstitutae.
1403 2461 1495 2544 Atque

301 2561 363 2629 hoo
395 2567 507 2629 tamen
536 2567 570 2629 te
599 2564 679 2630 seire
708 2565 794 2646 volo,
824 2586 877 2630 me
906 2566 947 2632 de
972 2566 1035 2633 isto
1066 2572 1199 2652 sumptu
1228 2565 1430 2653 legationum
1452 2568 1495 2627 ant

302 2667 482 2734 minuendo
512 2671 571 2733 aut
599 2667 796 2734 remittendo
825 2669 1000 2736 deoroviase
1030 2669 1116 2735 nihil
1144 2669 1208 2735 nisi
1237 2670 1326 2755 quod
1355 2666 1496 2756 prinsipes

302 2770 473 2837 civitatum
487 2792 509 2835 a
522 2792 574 2835 me
589 2770 818 2857 postulassent,
830 2772 919 2838 nain
930 2773 1152 2840 venditionem
1163 2772 1364 2839 tributorum
1377 2777 1410 2838 et
1422 2770 1496 2836 illan

304 3002 426 3068 pressiora
437 3003 478 3053 for
487 3003 538 3053 this
548 3003 603 3053 idea
613 3020 620 3053 z
632 3004 728 3053 eertum
739 3021 752 3054 ο
764 3005 833 3055 aerbo
842 3021 884 3054 er·
936 3009 977 3057 rol
996 3007 1034 3057 ἔτι
1053 3013 1086 3057 τὰ
1102 3010 1152 3057 τῶν
1169 3010 1261 3056 Μυσῶν
1278 3005 1436 3069 δυσδιάκριτοι
1449 3002 1497 3054 aaa
1529 3048 1530 3063 ,

301 3068 527 3131 primere,Fin.n1
540 3071 584 3129 15;
599 3070 883 3131 mandamaxprtmara
936 3072 1124 3135 παραπίπτοντα
1152 3072 1186 3122 εἷς
1212 3073 1324 3131 ἄλληλα·
1359 3071 1395 3121 eir
1416 3070 1441 3119 ll
1459 3069 1497 3125 τὴν
1529 3108 1530 3125 ,

305 3133 440 3193 Fin.i.4;
458 3135 553 3183 verbum
564 3150 612 3194 pre
625 3136 691 3182 aerbo
706 3138 809 3196 reddere,
825 3135 884 3199 Opt.
937 3137 1063 3200 σύγχυσιν
1085 3136 1178 3198 ταύτην
1200 3138 1229 3186 οὐ
1249 3137 1325 3199 μικρὰ
1343 3132 1498 3195 παλλαδίου
1529 3170 1530 3173 =

306 3200 370 3248 Gen.
383 3198 425 3247 Or.
441 3202 487 3257 143
506 3199 590 3247 οἱοοίοοο
603 3200 680 3248 veroa
695 3202 798 3259 reddere,
812 3199 884 3249 Brut.
937 3203 967 3251 τὸ
983 3202 1041 3252 τοὺς
1058 3202 1186 3264 Ῥωμαίους
1202 3203 1237 3263 μὴ
1254 3202 1318 3251 κατὰ
1336 3204 1405 3263 φῦλα
1422 3199 1498 3249 διελοῦ

307 3267 370 3323 301;
388 3265 485 3312 totidem
502 3264 579 3313 entia
596 3265 763 3326 interpretari,
781 3264 839 3315 Fin.
856 3264 885 3314 ii.
937 3266 1026 3318 abraha
1042 3267 1111 3317 ἄλλα
1128 3268 1213 3330 ἕτερον
1229 3265 1321 3328 τρόπον
1341 3265 1448 3326 διατάξαι
1463 3262 1500 3310 alr

309 3332 364 3378 100.
937 3331 1078 3391 διοικήσεις,
1092 3334 1120 3382 ἐν
1136 3329 1174 3382 αἷς
1190 3331 1266 3382 τὰτὰ
1285 3331 1382 3394 opulens
1392 3330 1499 3379 τοιαῦτα

339 3394 523 3456 diligentissime
562 3392 691 3458 scriptum]
743 3393 886 3458 ‘earafully
937 3398 977 3446 aul
997 3398 1042 3448 τὰς
1062 3395 1232 3446 immodestae.
1266 3349 1299 3444 it
1319 3411 1373 3444 was
1394 3394 1450 3457 only
1466 3392 1499 3439 hr-

306 3457 425 3508 worded’
936 3466 1018 3510 tween
1036 3463 1084 3510 698
1102 3461 1155 3525 (to)
1171 3461 1220 3510 and
1237 3461 1284 3512 704
1303 3461 1356 3523 (50)
1372 3459 1428 3509 that
1443 3456 1501 3506 nee

339 3520 469 3588 αοοίρίιοο]
502 3539 541 3586 cp.
554 3521 715 3583 uoteonlss.
936 3525 1007 3575 three
1028 3525 1123 3575 Asiatio
1146 3526 1278 3585 διοικήσεις
1303 3540 1370 3574 were
1391 3523 1465 3573 added
1480 3528 1500 3569 te

339 3588 403 3637 ertia
415 3590 612 3653 ειννοοοοοοέΙὶο]
638 3587 887 3651 ‘parliamentofthe
938 3589 1033 3652 Cilicia,
1055 3591 1104 3640 and
1125 3590 1147 3639 it
1167 3592 1189 3639 is
1210 3595 1254 3639 not
1276 3589 1368 3639 known
1390 3589 1430 3638 for
1446 3586 1501 3635 vlo

307 3652 417 3702 world’:
438 3669 477 3715 cp.
493 3652 558 3702 Phil.
574 3652 608 3702 iv.
625 3657 662 3711 14,
677 3660 793 3714 matum,
812 3654 886 3700 idat
937 3670 1032 3704 reason.
1067 3654 1141 3704 After
1154 3655 1200 3707 7⁰6
1220 3654 1272 3718 (49)
1287 3655 1331 3704 the
1363 3649 1502 3715 warengum

309 3718 373 3767 ertia
380 3725 458 3766 terrae
468 3721 592 3766 analium
601 3721 676 3766 delere
681 3721 771 3781 gastim
790 3717 834 3766 rii.
847 3720 886 3766 19.
937 3721 1017 3769 under
1032 3718 1075 3770 the
1091 3726 1252 3784 government
1268 3719 1297 3768 of
1347 3735 1361 3769 e
1383 3714 1501 3769 Ptoaonml

340 3784 384 3844 qai
403 3819 409 3831 .
427 3817 434 3831 .
455 3819 461 3830 .
480 3783 641 3847 eruperunt]
677 3782 888 3833 ‘whoeouldnot
938 3784 965 3834 of
987 3783 1056 3842 Asia,
1076 3784 1145 3834 Fam.
1163 3784 1217 3833 xiii.
1236 3787 1276 3835 67.

308 3864 335 3897 as
347 3847 408 3911 they
419 3846 491 3905 said,'
504 3846 596 3895 virtum
607 3846 713 3911 oblique.
965 3850 990 3898 6.
999 3865 1029 3898 ne
1036 3851 1224 3898 inomdtttonem
1232 3847 1388 3914 tributorum]
1400 3847 1502 3897 Thoar

341 3910 490 3977 dioecesium]
523 3928 538 3960 a
549 3913 648 3974 general
659 3913 727 3961 word
736 3912 778 3963 for
788 3927 839 3976 any
845 3912 887 3960 ad·
937 3929 1026 3977 payers
1036 3913 1086 3963 had
1096 3921 1141 3965 not
1152 3916 1214 3964 been
1225 3914 1280 3963 able
1290 3919 1317 3962 to
1327 3929 1377 3977 pay
1388 3929 1422 3976 up
1436 3916 1460 3961 at
1468 3909 1503 3959 the

308 3975 474 4026 ministrativa
490 3975 595 4025 district.
638 3976 775 4037 Translate,
795 3977 888 4026 ‘assiae
937 3994 1026 4043 proper
1032 3978 1100 4037 time,
1110 3980 1159 4028 and
1169 3978 1236 4028 their
1242 3984 1389 4028 assemment
1395 3976 1501 4026 hadbeaa

308 4041 425 4092 district!
455 4040 887 4104 Threesuohassize-distriets,pro·
938 4044 1202 4095 aoldtoaoontraotor
1218 4045 1266 4107 (ep.
1280 4043 1426 4100 Mommsen,
1436 4037 1500 4091 llll

308 4106 379 4173 perly
394 4105 528 4170 belonging
544 4111 570 4155 to
586 4105 629 4154 the
645 4106 761 4169 provinoe
775 4106 804 4157 of
817 4105 886 4167 Asia,
937 4107 975 4157 iii.
1000 4112 1056 4169 896,
1073 4110 1152 4167 note).
1186 4107 1247 4158 This
1264 4124 1315 4158 was
1333 4124 1349 4157 a
1363 4123 1426 4171 vary
1439 4101 1503 4155 harah

310 4187 375 4221 were
402 4171 480 4222 added
508 4178 534 4219 to
564 4169 659 4230 Cilicia,
687 4171 756 4220 via:
786 4171 886 4236 Cibyra,
937 4168 1503 4249 proeeading,lileanevietion‚anderpeoialb

312 4237 427 4300 Apamea,
451 4236 500 4284 and
523 4235 655 4299 Synnada:
680 4250 717 4298 ep.
737 4236 808 4286 Fam.
830 4235 887 4286 xiii.
938 4252 965 4287 so
979 4238 1052 4289 when
1066 4246 1088 4288 rt
1104 4254 1155 4288 was
1170 4239 1233 4288 done
1250 4238 1388 4298 wholesale,
1407 4236 1454 4285 aad
1467 4250 1501 4281 ar·

312 4304 358 4359 673
370 4301 422 4351 also
434 4299 531 4361 Strabo,
542 4299 597 4348 xiii.
610 4303 666 4358 628,
680 4304 743 4350 629:
755 4303 788 4351 τὰ
799 4303 820 4351 δ’
832 4304 889 4363 ἑξῆς
939 4303 1082 4367 oompnnied
1096 4303 1159 4353 with
1175 4302 1219 4353 the
1237 4310 1346 4367 greatest
1363 4303 1411 4352 losa
1428 4307 1454 4351 to
1469 4298 1504 4347 the

312 4367 352 4416 tal
375 4367 407 4416 τὰ
430 4364 499 4416 νότια
519 4365 582 4429 μέρη
610 4368 663 4416 τοῖς
685 4365 770 4417 τόποις
791 4368 890 4417 τούτοις
938 4373 1082 4434 tax-payer.
1116 4366 1224 4429 Resides,
1234 4368 1345 4417 unusual
1355 4365 1506 4417 erwruonne

312 4432 438 4490 ἔμπλοκὰς
448 4430 652 4495 ἔχτιμέχροπρὸτ
662 4431 889 4494 &adalgozum
939 4438 1009 4482 taxea
1024 4449 1088 4483 wera
1104 4433 1263 4496 superaddam
1282 4432 1311 4483 of
1326 4448 1409 4483 oourae
1424 4446 1455 4481 on
1468 4428 1504 4476 the

311 4496 498 4558 καὶτὰῡμὺγια
514 4497 555 4546 καὶ
570 4498 603 4547 τὰ
616 4496 690 4547 Λύδια
703 4497 743 4546 καὶ
753 4497 889 4558 τὰΚαρυεὰ
939 4496 996 4560 plea
1009 4496 1038 4548 oi
1051 4503 1115 4548 stata
1127 4497 1259 4563 necessity.
1294 4497 1350 4548 The
1363 4496 1504 4561 mgisnatoe
