3150 5109
430 488 639 555 CCLXXII.
666 489 790 574 (ΕΔΜ.
812 490 865 555 II.
889 491 957 574 17).
1233 492 1298 558 227

89 661 144 729 De
169 685 348 730 suooessore
371 685 444 729 meo
468 661 554 729 nihil
578 663 690 729 audiri
713 685 810 746 neque
836 685 1031 749 quemquam
1053 664 1124 733 fore
1149 665 1296 733 arbitror.

90 766 183 839 Quin
200 769 245 834 ad
263 769 351 834 diem
372 768 525 833 deoedam
546 766 639 833 nulla
660 789 754 833 eausa
776 771 834 846 est,
857 769 1044 853 praesertim
1063 768 1189 836 sublato
1207 774 1298 836 metu

89 870 255 937 Parthico.
301 872 582 937 commoraturum
603 894 656 937 me
675 893 836 957 nusquam
860 894 936 937 sane
960 872 1118 939 arbitror:
1141 872 1297 940 Rhodum

88 974 284 1041 Gioeronum
313 997 408 1040 eausa
441 996 614 1060 puerorum
643 996 842 1040 aoosssurum
871 979 962 1061 puto,
1001 998 1105 1062 neque
1129 977 1165 1043 id
1187 982 1296 1043 tamen

86 1083 224 1144 eertum.
268 1079 326 1144 Aa
350 1076 463 1144 urbem
488 1078 561 1144 volo
585 1099 683 1164 quam
708 1078 851 1164 primum
877 1079 995 1157 venire,
1020 1081 1077 1146 sed
1100 1084 1210 1147 tamen
1234 1081 1298 1148 iter

84 1203 200 1247 meum
213 1181 263 1247 rei
275 1180 423 1268 publioae
437 1185 471 1247 et
484 1204 593 1247 rerum
607 1180 805 1248 urbanarum
819 1183 902 1248 ratio
917 1182 1121 1269 gubernabit.
1167 1184 1296 1252 Suooes·

85 1306 141 1351 sor
154 1290 233 1352 tuus
246 1308 314 1352 non
327 1290 433 1371 potest
447 1285 495 1351 ita
508 1289 681 1365 matrrrare,
695 1286 764 1351 ullo
778 1287 874 1353 modo
888 1295 927 1352 ut
941 1291 979 1352 tu
993 1309 1045 1353 me
1060 1287 1096 1353 in
1104 1288 1186 1352 Asia
1194 1288 1295 1374 possis

85 1391 269 1456 eonvenite.
314 1390 345 1455 2.
369 1388 422 1454 De
435 1387 614 1454 rationibus
631 1388 809 1455 referendis
828 1411 895 1456 non
917 1394 986 1456 erat
1007 1389 1247 1458 inoommodum
1262 1396 1295 1459 te

85 1493 216 1558 nullam
230 1492 361 1571 referre,
376 1513 475 1577 quam
488 1491 551 1558 tibi
564 1491 676 1558 soribis
697 1516 717 1559 a
735 1491 856 1559 Bibulo
871 1493 941 1559 fieri
954 1496 1167 1579 potestatem:
1190 1496 1246 1561 sed
1260 1495 1296 1561 id

86 1595 144 1660 vix
159 1595 243 1661 mihi
257 1595 375 1661 rideris
389 1618 446 1682 per
460 1595 567 1682 legem
581 1594 705 1661 Iuliam
715 1597 821 1663 faeere
831 1618 932 1683 posse,
948 1619 1046 1683 quam
1054 1597 1193 1664 Bibulus
1208 1602 1295 1664 serta

85 1701 233 1785 quadam
247 1699 371 1765 rationo
393 1722 460 1765 non
482 1703 600 1781 servat,
622 1699 685 1767 tibi
705 1722 826 1787 magno
847 1723 942 1787 opere
962 1703 1152 1768 servandam
1173 1724 1293 1769 oenseo.

85 1804 117 1868 3.
137 1801 236 1874 Quod
250 1803 361 1869 sor-ibis
369 1804 519 1888 Apamea
531 1804 729 1891 praesidium
737 1804 853 1871 deduoi
867 1827 934 1870 non
949 1804 1136 1891 oportuisse,
1147 1804 1296 1872 videbam

84 1905 167 1971 item
182 1911 302 1973 eeteros
316 1907 509 1987 existimare,
531 1908 728 1993 molesteque
748 1906 893 1974 ferebam
916 1909 956 1974 de
976 1931 1068 1975 aare
1087 1909 1196 1976 minus
1210 1932 1294 1976 oom-

83 2011 201 2075 modos
230 2033 391 2077 sermones
419 2010 652 2078 malevolorum
681 2010 790 2078 fuisse.
835 2010 951 2077 Parthi
979 2012 1166 2078 transierint
1194 2035 1296 2080 neone

84 2117 215 2199 praeter
228 2118 263 2181 te
276 2115 370 2180 video
385 2113 533 2181 dubitare
547 2115 721 2181 neminem.
766 2113 885 2201 Itaque
904 2116 1013 2181 omnia
1027 2114 1196 2201 praesidia,
1212 2139 1295 2203 quae

84 2239 209 2304 magna
223 2221 257 2283 et
270 2218 364 2283 firma
371 2240 571 2303 paraveram,
586 2223 764 2285 oommotus
773 2217 944 2285 hominum
958 2240 1025 2284 non
1037 2217 1135 2285 dubio
1150 2241 1295 2287 sermone

83 2321 206 2387 dimisi.
252 2323 284 2387 4.
308 2321 464 2388 Rationes
478 2321 542 2388 mei
551 2322 730 2409 quaestoris
743 2345 803 2388 neo
818 2343 930 2388 verum
945 2321 1010 2388 luit
1024 2343 1077 2388 me
1091 2320 1153 2387 tibi
1167 2323 1295 2390 mittere

83 2448 145 2491 noo
160 2428 234 2491 tum
248 2430 342 2492 orant
355 2426 536 2492 oonfeotae:
560 2450 614 2493 eas
632 2449 692 2492 nos
704 2425 873 2512 Apameae
888 2426 1047 2511 deponere
1062 2424 1293 2512 eogitabamus.

82 2527 138 2594 De
153 2530 276 2614 praeda
294 2551 368 2595 mea
380 2533 508 2616 praeter
521 2536 704 2617 quaestores
722 2528 872 2608 urbanos,
888 2528 924 2595 id
938 2534 986 2595 est
1000 2529 1159 2615 populum
1173 2529 1293 2597 Roma-

83 2654 177 2709 num,
194 2633 377 2699 temnoium
390 2656 449 2699 neo
467 2634 579 2721 attigit
592 2657 652 2701 neo
665 2638 812 2700 taotnrus
826 2638 874 2699 est
888 2633 1070 2720 quisquam.
1115 2631 1294 2701 Iraodioeae

82 2756 138 2801 me
148 2737 284 2820 praedes
298 2740 503 2822 aceepturum
514 2736 652 2804 arbitror
662 2738 767 2804 omnis
774 2737 930 2825 peouniae
944 2735 1101 2823 publioae,
1116 2742 1155 2803 ut
1169 2738 1295 2804 etmihi

83 2843 118 2903 et
132 2839 255 2925 populo
274 2845 406 2906 sautum
426 2840 470 2906 sit
489 2841 558 2907 sine
573 2845 722 2908 vesturae
741 2841 894 2927 paritulo.
940 2838 1038 2912 Quod
1059 2839 1171 2907 soribis
1184 2842 1227 2907 ad
1241 2863 1294 2908 me

83 2943 126 3007 de
140 2942 333 3009 drachmum
347 2964 481 3024 cocrooo,
496 2943 581 3010 nihil
595 2946 741 3031 estquod
753 2945 789 3011 in
801 2945 863 3011 isto
878 2966 997 3032 genere
1011 2943 1161 3030 ouiquam
1175 2945 1294 3032 possim

83 3048 297 3113 commodare.
343 3046 459 3113 Omnis
473 3049 561 3114 enim
575 3049 714 3134 peounia
727 3051 774 3115 ita
789 3053 957 3129 traotatur,
979 3053 1018 3115 ut
1031 3049 1151 3134 praeda
1165 3071 1185 3114 a
1199 3070 1291 3135 prae·

119 3222 260 3271 timorum
278 3257 285 3270 .
306 3259 312 3269 .
332 3258 338 3271 .
355 3221 499 3289 paeromm]
543 3239 582 3287 cp.
607 3225 662 3274 Διὶ.
713 3224 769 3275 that
780 3225 801 3274 it
812 3240 863 3274 aas
878 3239 911 3273 no
925 3223 1022 3281 lamas
1037 3222 1070 3271 all
1084 3222 1127 3272 the
1141 3228 1294 3276 snaotrnsnts

83 3285 120 3334 vi.
132 3288 155 3346 1,
169 3288 208 3346 12,
222 3284 270 3349 Ep.
284 3285 359 3348 aelii„
371 3291 569 3349 ammonere
580 3297 664 3338 amant
713 3289 741 3340 of
757 3289 847 3339 Caesar
856 3289 884 3338 in
895 3291 942 3338 695
961 3287 1012 3352 (59)
1028 3287 1078 3336 had
1091 3286 1154 3338 beon
1168 3290 1256 3353 passed
1266 3290 1294 3340 in

84 3352 150 3399 iuter
161 3367 194 3398 aa.
713 3354 824 3404 deflanoe
835 3353 863 3403 of
872 3352 912 3402 his
924 3353 1082 3401 obnuntiatio.

116 3413 197 3480 ratio]
233 3414 330 3465 ‘state’
747 3421 771 3468 3.
789 3421 869 3468 minua
877 3415 1015 3483 commodas]
1041 3417 1293 3469 ‘unsssonsbletalk

116 3482 156 3528 s'ta
167 3486 298 3541 maturare,
312 3483 361 3529 ulla
372 3483 437 3530 enoda
449 3479 488 3547 at]
516 3480 664 3532 Thisisthe
714 3482 913 3533 alifi-wishem)

82 3545 251 3609 punctuation
260 3546 383 3609 approved
391 3546 424 3609 by
434 3546 586 3611 Wesenberg
597 3547 662 3612 (Em.
747 3548 902 3613 transiars'at]
934 3562 968 3597 so.
982 3546 1140 3607 Euphratem.

82 3612 151 3671 Au„
172 3626 200 3673 p.
217 3611 260 3674 4):
281 3612 304 3658 if
322 3611 365 3659 the
382 3626 477 3661 comma
494 3626 560 3661 wera
578 3613 665 3676 placed
745 3616 771 3662 4.
788 3611 883 3676 veura]
918 3610 1098 3661 ‘reasonable':
1128 3627 1167 3674 cp.
1190 3610 1290 3674 Mursn,

83 3675 151 3724 after
161 3676 230 3722 modo
242 3690 281 3724 we
294 3674 382 3725 should
397 3675 496 3741 requiro
511 3679 577 3725 nulla
587 3680 661 3738 nudo,
714 3678 754 3736 74,
770 3679 851 3740 Negat
864 3682 921 3726 Galo
931 3692 1012 3725 aarum
1021 3690 1069 3723 esso
1079 3677 1146 3724 alliot
1157 3677 1290 3726 benevolar-

81 3739 302 3789 insteadofnon.
324 3777 330 3789 .
350 3777 356 3790 .
375 3743 509 3790 ullomodo.
544 3740 663 3791 Thesun-
714 3744 852 3799 tarasiam
869 3743 921 3791 also
939 3741 1001 3790 Hor.
1019 3739 1099 3803 Epist
1116 3739 1134 3790 i.
1154 3741 1177 3803 7,
1191 3744 1230 3803 98,
1244 3743 1293 3792 and

82 3803 347 3854 oessortoSallustins
357 3821 410 3855 was
420 3805 451 3855 L.
463 3805 629 3870 Mariusto.
713 3805 863 3856 Klihneron
874 3805 1050 3856 lbrso.iri.73.

126 3871 151 3917 2.
189 3870 323 3918 rationibus
357 3872 499 3936 reserandis]
547 3870 587 3947 Bp
619 3870 663 3921 the
746 3870 884 3936 Apameae]
904 3869 1292 3935 Itisvaryquestionableifwe

83 3933 174 3984 Julian
192 3932 242 3983 law
259 3934 346 3997 passed
364 3934 396 3997 by
413 3934 540 3985 Caesarin
551 3935 591 3985 hrs
606 3951 662 3985 aon·
713 3935 802 3985 should
813 3936 922 3985 notread
929 3938 1051 3997 Apameae
1061 3941 1083 3983 et
1095 3935 1241 3995 Laadieeas;
1252 3935 1293 3985 for

83 3998 184 4062 sulship
202 3999 224 4048 it
243 4014 294 4047 was
312 3999 426 4063 required
445 4000 501 4050 that
518 4000 561 4050 the
575 4016 662 4065 gover-
713 3998 808 4061 cicero,
821 4006 974 4051 asamstter
981 3998 1008 4049 of
1015 3998 1075 4058 fast,
1085 3999 1127 4048 did
1134 3999 1204 4050 leave
1211 4000 1292 4064 oopies

82 4079 131 4112 nor
146 4063 198 4112 and
212 4061 252 4111 his
264 4070 379 4127 quaestor
389 4064 485 4121 should,
498 4064 583 4115 before
598 4064 665 4115 their
713 4064 741 4114 in
751 4065 812 4115 both
822 4072 904 4115 towns
917 4065 997 4129 (Fam.
1010 4080 1035 4113 v.
1049 4067 1087 4124 20,
1102 4064 1137 4126 2).

83 4128 494 4192 departurafromtheirprovinoe,
504 4129 575 4180 leave
583 4130 664 4206 copies
747 4131 868 4196 tactum]
896 4127 1293 4242 AsCioerogenerallpincsses

83 4195 113 4242 of
126 4192 195 4242 their
211 4194 426 4243 aooountsintwo
442 4196 470 4244 ol
483 4194 527 4244 the
542 4194 665 4259 prinerpal
715 4194 766 4245 like
787 4195 847 4256 this,
871 4210 927 4244 uses
948 4193 991 4244 tha
1013 4209 1080 4244 samo
1101 4208 1145 4243 ver
1182 4208 1210 4241 ιιι
1231 4193 1292 4243 both

101 4255 225 4307 rorinoial
236 4264 326 4307 towns.
361 4257 447 4308 Cicero
458 4275 515 4324 says
526 4258 592 4309 their
601 4275 663 4324 neg·
716 4260 819 4321 clauses,
834 4259 987 4324 Wesenberg
1001 4258 1067 4323 (Em.
1084 4258 1140 4306 Ala
1159 4258 1185 4322 4)
1202 4256 1293 4307 wishes

83 4273 134 4371 leot
145 4321 234 4371 ofthis
245 4329 337 4372 statute
345 4338 396 4372 was
404 4338 436 4372 no
443 4323 666 4375 inconvenientem
715 4331 743 4375 to
759 4327 816 4374 read
833 4330 985 4382 adacturum
1002 4323 1051 4372 and
1064 4329 1092 4370 at
1106 4321 1187 4387 might
1197 4322 1293 4388 resdily

84 4386 197 4448 himself,
208 4387 254 4436 but
264 4387 320 4437 that
331 4387 465 4438 Sallustius
475 4404 507 4438 ou
526 4390 554 4438 ht
564 4396 591 4438 to
601 4389 666 4439 hsvs
716 4389 780 4439 have
791 4389 869 4438 fallen
879 4394 923 4438 out
934 4388 1018 4439 before
1030 4395 1065 4437 aa.

84 4452 182 4517 obeyed
197 4452 242 4501 the
258 4451 316 4512 law,
329 4452 425 4502 evenis
441 4405 547 4503 Bibulus
557 4453 666 4519 thought
748 4453 900 4520 drachmam]
928 4452 1006 4518 genit.
1019 4452 1084 4516 plur.
1114 4450 1293 4503 Forthaform

85 4518 113 4565 fit
130 4525 158 4567 to
174 4516 240 4566 diere
257 4515 521 4568 arditforadefinits
536 4533 623 4568 raason
638 4518 666 4569 ot
717 4535 756 4582 sp.
773 4517 852 4568 Varro
871 4517 901 4568 L.
910 4518 939 4569 1..
955 4517 991 4566 ix.
1009 4520 1050 4567 85.
1085 4516 1208 4567 Biieheler
1223 4518 1294 4568 reads

82 4580 125 4631 his
139 4596 207 4632 own.
240 4533 358 4645 bibulus,
373 4581 401 4632 of
415 4598 509 4644 eoum,
524 4582 667 4634 eonsidered
716 4585 761 4634 the
790 4582 906 4633 Plautino
935 4583 1001 4632 form
1031 4582 1195 4633 drachamam.
1239 4581 1294 4633 The

1114 4662 1163 4720 02
