3150 5109
386 495 579 564 soom
586 496 687 565 VIII.
712 495 834 582 (FAM.
856 496 958 564 XVI.
980 496 1026 580 h).
1240 496 1305 563 259

99 670 696 757 qnin,quoedplanevuleae‚toneque
707 669 911 757 navigationi
918 669 1304 758 neqneviaeoommittas.

99 773 188 841 Satis
201 779 236 842 ts
252 777 379 842 maturo
399 774 520 857 videro,
539 773 567 841 ei
585 774 682 861 plane
704 774 930 841 oonflrmatum
949 774 1070 841 videro.
1114 774 1168 842 De
1181 774 1306 843 medioo

100 882 134 945 et
149 881 188 946 tu
201 878 285 946 bene
299 878 477 946 existimari
491 877 603 946 eoribis
616 882 650 944 et
664 900 725 965 ego
739 878 784 944 sio
799 876 907 944 audio.
940 876 1006 944 Sed
1015 879 1112 965 plane
1126 878 1307 946 ourationes

100 980 171 1048 eius
184 1005 252 1049 non
265 981 376 1069 probo.
405 980 466 1049 Ius
480 982 568 1050 enim
576 982 722 1048 dandum
732 980 794 1048 tibi
807 1003 875 1047 non
889 980 964 1062 fuit,
979 1004 1053 1049 oum
1068 983 1308 1071 κακοστόμαχος

99 1108 195 1167 essee,
210 1087 267 1153 sed
280 1089 390 1153 tamen
405 1090 440 1153 et
454 1087 496 1153 ad
510 1086 606 1153 illum
619 1086 731 1172 soripei
742 1088 889 1152 aoourate
903 1089 936 1152 et
947 1086 990 1152 ad
1000 1084 1176 1172 Lysonem.
1203 1087 1235 1153 2.
1251 1086 1309 1155 Ad

101 1188 239 1258 Curium
252 1213 339 1271 voro,
359 1189 585 1257 suavissimum
606 1188 772 1256 hominem
793 1192 828 1255 et
848 1187 968 1255 summi
984 1189 1081 1256 offioii
1099 1211 1307 1278 summaeque

98 1293 324 1374 humanitatis,
339 1294 445 1360 multa
457 1293 570 1381 seripsi
582 1315 591 1360 ε
613 1292 650 1359 in
662 1292 715 1360 hie
728 1293 837 1373 etiem,
852 1297 900 1372 ut,
915 1293 944 1359 ei
957 1291 1019 1360 tibi
1029 1292 1201 1374 videretur,
1216 1298 1250 1361 te
1264 1294 1308 1361 ad

99 1397 304 1465 setraierret.
337 1396 427 1483 Lyso
442 1396 530 1463 enim
543 1399 654 1464 noster
662 1419 775 1464 vereor
789 1418 831 1463 ne
844 1396 1071 1484 neglegentior
1086 1397 1147 1478 eit;
1163 1396 1307 1484 primum

98 1502 179 1589 quia
193 1522 303 1568 omnes
318 1500 443 1581 Grueoi,
458 1499 576 1567 deinde
587 1500 684 1587 quod,
699 1522 773 1567 oum
788 1521 809 1566 a
822 1522 875 1565 me
888 1499 1014 1566 litterae
1028 1500 1208 1589 aooepisset,
1223 1501 1305 1567 mihi

98 1604 209 1672 nullas
224 1604 368 1685 remisit3
391 1604 447 1671 sed
466 1626 542 1671 eum
562 1608 600 1670 tu
619 1603 753 1671 laudas:
776 1606 816 1670 tu
836 1602 939 1689 igitur
958 1603 1039 1690 quid
1060 1604 1245 1672 ieoiendum
1264 1606 1307 1672 sit

97 1707 268 1775 iudioabie.
312 1707 414 1789 Illud,
439 1707 487 1774 mi
507 1706 595 1788 Tiro,
618 1710 653 1774 to
674 1728 764 1794 rogo,
787 1709 921 1793 sumptu
939 1729 981 1772 ne
1001 1729 1114 1795 parone
1128 1708 1197 1774 ulla
1210 1709 1246 1774 in
1260 1733 1306 1790 re,

98 1812 188 1899 quod
201 1813 244 1878 sd
258 1810 479 1879 valetudinem
493 1830 575 1896 opus
596 1809 649 1877 sit.
693 1809 815 1896 Soripsi
836 1810 879 1875 sd
901 1808 1047 1891 Omium,
1069 1813 1157 1899 quod
1171 1811 1304 1879 dixisses

99 1917 212 1983 daret:
234 1915 358 1982 medioo
378 1913 442 2001 ipei
462 1917 543 2001 puto
565 1913 690 2000 aliquid
711 1913 858 1980 dandum
879 1935 957 1994 esse,
981 1936 1045 2000 quo
1065 1914 1108 1981 sit
1122 1914 1304 1982 studiosior.

97 2020 131 2085 3.
156 2017 414 2086 Innumerabilia
441 2021 500 2084 tua
527 2021 604 2083 sunt
632 2016 669 2084 in
705 2038 758 2083 me
790 2017 903 2097 effluis,
933 2018 1118 2099 domestioa,
1154 2019 1306 2101 forensia,

96 2122 235 2203 urbane,
264 2120 494 2209 provinoialin:
517 2120 553 2186 in
582 2142 617 2187 re
645 2119 784 2208 privata,
814 2119 851 2186 in
879 2120 1018 2208 publiea,
1047 2121 1084 2188 in
1113 2123 1239 2204 studiis,
1268 2124 1305 2190 in

96 2225 218 2293 litteris
241 2225 368 2291 nostris.
413 2223 533 2290 Omnia
553 2223 677 2305 viseris,
703 2224 741 2304 si,
770 2226 808 2291 ut
832 2246 934 2311 spero,
959 2228 993 2291 te
1015 2226 1163 2292 validum
1185 2226 1305 2294 videro.

96 2328 176 2417 Ego
190 2332 269 2415 puto
283 2332 317 2395 te
330 2327 513 2409 bellissime,
528 2327 557 2394 si
570 2330 656 2394 reate
670 2328 742 2409 erit,
757 2349 833 2394 oum
847 2331 1014 2413 quaestore
1024 2327 1181 2397 Mesoinio
1196 2331 1307 2397 deaur-

97 2456 222 2500 eurnm.
267 2431 346 2500 Non
367 2431 565 2501 inhumanus
586 2434 635 2499 ost
656 2435 764 2519 teque,
786 2435 825 2498 ut
845 2431 927 2497 mihi
947 2433 1035 2498 visus
1053 2436 1112 2514 est,
1127 2432 1248 2521 diligit,
1263 2439 1307 2515 et,

97 2561 174 2605 oum
202 2536 383 2605 valetudini
410 2540 487 2602 tuae
515 2535 763 2623 diligentissime
793 2535 999 2615 oonsulueris,
1028 2539 1111 2618 tum,
1142 2537 1190 2604 mi
1218 2537 1306 2620 Tiro,

97 2642 258 2709 oonsulito
278 2639 492 2727 navigationi.
536 2637 641 2706 Nulla
661 2638 697 2705 in
718 2662 754 2706 re
774 2639 842 2705 iam
863 2642 896 2705 te
917 2638 1068 2706 festinare
1082 2640 1166 2706 volo.
1211 2640 1308 2708 Nihil

97 2745 211 2812 laboro
224 2744 288 2810 nisi
298 2747 337 2810 ut
350 2743 458 2809 salvus
472 2741 525 2808 eis.
571 2743 601 2807 4.
626 2741 680 2809 sio
694 2741 823 2825 habeto,
835 2743 881 2809 mi
892 2741 980 2824 Tiro,
991 2742 1155 2810 neminem
1169 2766 1236 2811 esse
1250 2747 1308 2830 qui

100 2871 155 2916 me
169 2851 257 2915 amet
271 2848 352 2935 quin
366 2847 452 2913 idom
466 2850 501 2913 te
515 2851 612 2927 amet,
628 2850 662 2912 et
676 2868 751 2912 oum
764 2849 824 2912 tun
838 2849 871 2913 et
885 2868 958 2912 mea
971 2845 1113 2913 maxime
1126 2848 1261 2914 interest
1274 2851 1309 2915 to

99 2953 208 3019 valere
216 2955 288 3019 tum
302 2950 415 3017 multis
429 2955 477 3017 eet
492 2972 597 3017 ouras.
619 2948 750 3031 Adhuo,
762 2948 932 3015 dummihi
947 2949 1038 3016 nullo
1047 2949 1117 3017 looo
1128 2951 1237 3018 deesse
1246 2952 1306 3033 vis,

99 3077 280 3142 numquam
294 3058 329 3121 te
347 3054 536 3120 confirmare
555 3053 701 3140 potuisti.
745 3052 846 3120 Nuno
864 3056 899 3119 te
917 3051 1002 3119 nihil
1016 3053 1174 3139 impedit:
1198 3056 1308 3123 omnia

98 3160 237 3247 depone,
251 3158 376 3245 eorpori
389 3156 482 3224 servi.
528 3155 696 3228 Quantam
710 3156 917 3245 diligentiam
930 3156 967 3223 in
981 3158 1203 3225 valetudinem
1216 3164 1309 3227 tuem

134 3398 680 3466 1.medioo]HisnamowesAsolapo,Fam.
730 3400 760 3452 oi
777 3400 829 3451 this
847 3399 984 3451 Meseinine
1002 3400 1087 3452 liuius
1107 3417 1135 3452 as
1153 3418 1169 3452 a
1187 3409 1309 3468 quaestor.

99 3466 155 3517 xvi.
180 3468 206 3527 9,
225 3467 250 3529 2,
270 3462 319 3530 Ep.
341 3464 448 3515 ccxcii:
470 3480 510 3529 op.
530 3464 601 3515 Fam.
624 3464 680 3515 xiii.
731 3465 773 3516 He
783 3465 857 3516 oould
866 3467 987 3516 netlearo
997 3466 1088 3517 himas
1099 3483 1221 3532 governor
1230 3471 1259 3519 of
1266 3469 1310 3520 the

98 3535 142 3582 20.
166 3598 172 3609 ι
201 3596 206 3607 ¹
265 3595 270 3606 .
318 3593 324 3606 ι
426 3608 433 3620 ι
607 3588 609 3593 ,
730 3530 848 3594 provinno
857 3531 962 3606 because
975 3531 1008 3581 he
1018 3547 1069 3581 was
1080 3535 1145 3608 hoie,
1159 3534 1307 3626 litidinoeue,

131 3592 681 3736 rastrumque..
730 3594 1309 3737 torst-..uultusque

98 3722 442 3865 wllfldfflmgssnbllunius
469 3787 560 3838 Curius
586 3804 638 3838 was
664 3804 680 3838 a
729 3728 801 3855 {edri
809 3725 964 3865 laidem
974 3726 1310 3844 diwwdlshldlhildmid

99 3855 292 3933 money-lauder
298 3852 452 3929 (negotiator)
460 3858 487 3903 at
494 3853 583 3928 Patrae
595 3853 677 3917 (Fam.
729 3870 791 3920 very
807 3854 1010 3931 eomplrmentary
1025 3860 1102 3931 ternu
1117 3872 1182 3933 moa·
1192 3856 1267 3908 letter
1281 3858 1310 3908 of

99 3937 155 3997 ¹¹¹¹:
170 3920 223 3985 17),
234 3919 284 3969 and
294 3933 310 3967 a
321 3918 404 3967 inend
414 3916 475 3993 both
489 3917 526 3999 oi⁹
534 3917 620 3968 Creon)
630 3919 680 3968 end
729 3921 927 3995 commendamur
937 3924 963 3970 to
975 3918 1077 3972 Servius
1087 3920 1214 3986 Sulproius
1226 3923 1307 3986 (Fam.

98 3987 208 4101 imni
228 3981 541 4123 oplyildmlliiii.clglm
569 3983 627 4033 hm
653 3988 680 4033 at
730 3985 929 4114 mdioiseriimm]
966 4048 1045 4100 ‘hare
1066 4054 1162 4101 amoet
1179 4049 1310 4117 eharming

132 4114 242 4178 mmptu]
274 4114 374 4189 dauve3
391 4128 431 4188 ep.
443 4112 516 4162 Neue
552 4113 593 4162 95.
624 4179 630 4190 ι
664 4180 669 4189 ¹
730 4113 846 4203 voyage!
882 4113 932 4165 For
952 4116 1081 4191 desuem
1111 4119 1152 4166 ‘to
1173 4117 1254 4167 travel
1274 4117 1310 4194 bg

100 4177 390 4306 mfflldtmlhdgdrldds
398 4178 532 4307 1(βοτῗὲἒὶη
542 4192 678 4292 ldnlrw'
730 4177 908 4293 aridam·
924 4177 987 4230 Met.
1004 4195 1042 4230 u·
1058 4181 1115 4243 ὄρθ’
1133 4185 1230 4244 ΜΨ
1245 4197 1310 4231 mm

134 4313 159 4360 3.
177 4306 342 4373 arnume]
369 4305 607 4372 ‘ifellgoeewell’
626 4308 679 4357 Ad·
763 4311 789 4358 4.
807 4314 830 4358 te
854 4307 1005 4375 confirmare]
1049 4308 1096 4359 ‘to
1126 4312 1169 4373 get
1198 4311 1310 4374 younelr

101 4375 175 4425 verbs
184 4390 228 4425 are
238 4375 307 4424 often
315 4371 395 4422 found
404 4371 466 4421 with
476 4387 531 4434 eeu,
542 4387 564 4423 e.
575 4388 600 4437 g.
610 4375 678 4434 olam,
730 4373 835 4437 strong!

102 4439 160 4490 Liv.
180 4454 207 4490 v.
228 4441 267 4500 36,
286 4439 317 4486 6:
333 4443 437 4500 praesto,
456 4436 528 4487 Fam.
544 4436 581 4487 iv.
596 4440 679 4499 14‚4:
765 4438 886 4495 Quorum
906 4436 1071 4504 diligentiam]
1112 4438 1143 4489 ‘I
1165 4437 1230 4489 slmll
1251 4455 1308 4491 oon·

102 4506 247 4565 melimela,
257 4503 329 4553 Fam.
341 4501 395 4551 xvi.
407 4502 431 4561 t,
447 4504 468 4564 l,
481 4501 531 4565 Ep.
543 4501 668 4551 oolmix.
731 4501 797 4553 sidet
809 4501 866 4553 that
875 4517 927 4568 you
942 4502 1017 4554 velue
1029 4518 1070 4553 me
1083 4501 1112 4553 in
1125 4505 1269 4569 proportior
1284 4516 1310 4556 to

134 4566 264 4635 Marinio]
309 4566 396 4619 Oioero
410 4566 461 4617 had
476 4583 491 4619 a
506 4581 567 4632 poor
580 4566 683 4632 opinion
731 4568 903 4634 theoareyon
913 4567 972 4621 take
982 4567 1011 4619 of
1018 4582 1083 4632 your
1091 4567 1197 4620 health!

1136 4656 1181 4709 82
