3150 5109
499 477 695 547 ooarur.
720 476 842 565 (ιιιιι.
865 476 918 542 ιι.
941 476 1012 563 rs).
1296 477 1361 543 coe

154 656 241 732 tuus,
267 650 361 732 mihi,
379 656 418 718 ut
440 652 511 733 scis,
535 651 678 718 maxime
696 650 902 731 necessarius,
925 650 1012 737 quod
1033 650 1113 716 item
1128 648 1166 716 O.
1182 648 1361 737 Vergilius,

156 757 356 842 propinquus
389 759 476 836 tuus,
510 754 783 821 familiarissimus
820 757 939 836 noster,
977 754 1019 819 de
1056 757 1089 820 te
1127 753 1364 821 accuratissime

154 859 290 946 scripsit,
305 859 392 927 valet
405 858 440 926 id
455 859 587 946 quidem
608 859 697 945 apud
719 880 772 924 me
792 856 944 936 multum,
966 856 1061 923 acuti
1078 855 1174 923 dehet
1192 856 1363 924 hominum

131 962 421 1029 amicissimorum
449 964 590 1050 diligens
619 961 865 1041 commendatio,
895 961 952 1026 sed
980 965 1057 1026 tuae
1086 960 1214 1027 litterae
1238 962 1279 1027 de
1304 968 1364 1028 tua

156 1065 343 1153 praesertim
358 1066 519 1153 dignitate
541 1071 575 1133 et
596 1066 637 1133 de
657 1069 769 1133 nostra
791 1063 1016 1131 coniunctione
1032 1064 1168 1131 maximi
1181 1070 1258 1130 sunt
1273 1066 1363 1151 apud

155 1192 208 1236 me
235 1169 396 1257 ponderis.
457 1171 544 1237 Mihi
573 1173 723 1257 quaestor
752 1167 893 1256 optatior
921 1165 1089 1253 obtingere
1118 1190 1214 1235 nemo
1243 1168 1362 1254 potuit.

156 1273 266 1346 Quam
298 1273 340 1341 ob
370 1296 441 1340 rem
473 1295 692 1361 quaecumque
724 1295 745 1339 a
780 1295 834 1339 me
866 1275 1057 1338 ornamenta
1084 1271 1121 1337 in
1149 1275 1182 1337 te
1205 1275 1364 1357 proficiaci

149 1383 306 1460 poterant,
326 1377 575 1465 proficiscentur,
595 1382 634 1442 ut
659 1397 771 1444 omnes
786 1376 982 1464 intellegant
1003 1397 1025 1442 a
1048 1397 1101 1441 me
1121 1373 1268 1441 habitam
1293 1398 1361 1443 esse

154 1480 314 1548 rationem
341 1485 418 1547 tuae
445 1481 668 1568 maiorumque
696 1486 828 1548 tuorum
857 1479 1037 1567 dignitatis.
1082 1478 1148 1546 Sed
1173 1479 1209 1545 id
1232 1479 1360 1548 facilius

154 1607 339 1670 consequar,
359 1585 388 1652 ai
406 1585 448 1651 ad
468 1608 520 1651 me
540 1585 576 1651 in
598 1584 746 1651 Ciliciam
770 1584 905 1665 veneris,
930 1584 1018 1669 quod
1040 1604 1100 1670 ego
1122 1586 1156 1649 et
1176 1604 1251 1650 mea
1266 1584 1362 1651 atrei

155 1686 303 1775 publicae
326 1692 360 1755 et
381 1688 524 1756 maxime
548 1693 607 1756 tua
631 1689 786 1757 interesse
812 1686 960 1756 arbitror.

265 2049 457 2119 OOLXIH.
502 2049 671 2119 olonae
694 2050 753 2119 ΤΟ
776 2050 981 2120 CAELIUS
1004 2050 1106 2137 (Fau.
1130 2071 1169 2116 11.
1196 2050 1248 2138 12).

380 2254 491 2312 JUNE3
516 2254 548 2297 Δ.
566 2254 599 2300 U.
616 2255 645 2299 C.
661 2251 730 2308 7043
755 2255 787 2298 B·
804 2255 832 2300 0.
849 2252 903 2308 503
927 2254 1003 2298 AET.
1020 2254 1079 2298 cm.
1097 2253 1139 2301 66.

205 2411 332 2463 Decedcns
345 2412 377 2462 de
390 2409 519 2475 provincia
535 2410 646 2475 deplorat
664 2412 731 2477 quod
748 2412 780 2462 ab
798 2412 859 2462 urbe
874 2410 976 2474 afuerit,
993 2411 1090 2462 litterae
1104 2410 1153 2462 sihi
1168 2411 1200 2463 ob
1211 2412 1281 2465 viam
1295 2413 1364 2465 mitti

156 2495 275 2558 postulat.
309 2493 407 2558 Scripta
416 2493 521 2558 epistola
530 2500 569 2545 est
578 2493 607 2544 in
618 2493 714 2544 Cilicia.

332 2666 371 2721 Μ.
390 2666 523 2722 CICERO
540 2666 617 2722 IMP.
637 2666 665 2722 S.
685 2667 719 2722 D.
739 2667 777 2721 hl.
798 2665 931 2722 CAELIO
949 2665 1079 2720 AEDILI
1098 2665 1181 2722 OUR.

224 2807 255 2870 1.
279 2803 443 2871 Sollicitus
457 2804 608 2892 equidem
623 2827 712 2871 eram
727 2806 768 2871 de
790 2804 887 2872 rebus
908 2802 1061 2871 iubenis:
1084 2804 1132 2870 ita
1146 2804 1365 2871 tumultuosae

158 2907 332 2987 contiones,
351 2907 400 2973 ita
422 2908 576 2974 molestae
596 2907 823 2996 Quinquatrus
847 2908 1098 2975 adferebantur:
1122 2929 1199 2972 nam
1219 2907 1366 2975 citeriora

158 3012 305 3078 nondum
333 3009 553 3078 audiebamus.
608 3010 674 3078 Sed
702 3020 815 3079 tamen
843 3012 927 3078 nihil
956 3033 1009 3078 me
1038 3009 1144 3098 magia
1174 3010 1366 3078 sollieitabat

158 3137 258 3202 quam
280 3114 317 3180 in
334 3113 386 3180 hie
409 3114 565 3180 molestiis
593 3137 661 3181 nen
689 3138 752 3197 me,
782 3115 810 3182 si
840 3137 922 3202 quae
951 3114 1089 3181 ridenda
1114 3117 1231 3194 essent,
1259 3114 1366 3181 ridere

158 3226 286 3286 tecum:
310 3222 386 3284 sunt
406 3218 495 3284 enim
514 3218 628 3299 multa,
649 3220 706 3285 sed
728 3242 766 3286 ea
788 3241 855 3286 nen
875 3220 979 3286 audeo
999 3216 1145 3284 scribere.
1190 3216 1283 3284 Illud
1296 3241 1365 3285 mo·

157 3323 238 3390 leste
252 3323 331 3404 lero,
346 3321 431 3387 nihil
450 3344 503 3388 me
525 3321 630 3389 adhuc
646 3322 697 3389 his
717 3325 758 3389 de
780 3322 876 3389 rehue
894 3320 1011 3388 hahere
1025 3324 1157 3387 tuarum
1171 3319 1363 3388 litterarum.

158 3493 239 3543 tiens:
260 3507 300 3542 see
317 3490 459 3542 Wilmanns
476 3495 548 3555 1497,
570 3494 642 3552 1519,
662 3494 733 3557 1598,
787 3492 815 3543 in
831 3492 893 3544 such
909 3492 1009 3558 phrases
1026 3507 1054 3542 as
1068 3507 1206 3555 quacunque
1219 3493 1320 3554 ratione,
1337 3495 1367 3542 de

159 3558 223 3607 aa:
241 3573 280 3620 cp.
292 3556 426 3615 hisindex,
438 3574 465 3621 p.
478 3560 535 3607 989.
934 3571 1025 3607 causa:
1042 3573 1081 3621 cp.
1093 3556 1181 3607 Madv.
1195 3557 1206 3622 t
1219 3558 1259 3616 87,
1272 3557 1324 3607 obs.
1339 3561 1363 3607 1.

194 3624 220 3672 G.
238 3621 371 3688 Vergiliae]
393 3622 456 3671 Was
470 3622 603 3687 appointed
615 3622 694 3674 aedile
708 3621 736 3673 in
786 3575 880 3684 gicero,
897 3623 1020 3683 however,
1037 3637 1095 3671 uses
1110 3623 1280 3685 qualiscunque
1295 3622 1365 3686 quita

160 3689 207 3736 689
221 3686 271 3761 (55)
288 3687 338 3736 and
347 3693 445 3750 practer
454 3687 481 3737 in
493 3691 540 3737 694
555 3689 619 3751 (60),
636 3687 736 3739 iuheth
785 3686 1155 3752 indefinitelywithoutarerb,
1168 3686 1238 3735 Fam.
1250 3685 1287 3736 iv.
1301 3689 1324 3746 8,
1338 3689 1362 3737 2.

159 3750 297 3801 caseswrth
308 3751 340 3807 Q.
350 3751 436 3802 Cicero
446 3752 520 3802 ashis
531 3753 664 3817 eolleague.
693 3752 735 3803 He
786 3752 836 3803 For
846 3752 897 3802 this
908 3767 953 3801 use
963 3752 1125 3813 ofproficiscs',
1140 3766 1152 3799 c
1172 3788 1178 3798 .
1191 3751 1264 3800 Fam.
1276 3750 1323 3810 iii„
1339 3756 1362 3814 l,

160 3832 212 3865 was
224 3831 344 3891 governor
359 3817 387 3866 of
403 3817 481 3882 Sicily
492 3818 577 3867 insse
590 3818 659 3931 8619ss
676 3817 732 3879 hut,
787 3822 809 3880 1,
823 3817 870 3882 Ep.
885 3816 982 3877 clm.;
996 3815 1033 3866 iii.
1048 3818 1087 3877 1⁰,
1102 3819 1141 3876 11,
1197 3814 1289 3865 ‚cclxi

159 3880 257 3945 though
267 3897 300 3930 on
309 3880 423 3932 mtimate
433 3888 509 3931 terma
517 3882 579 3933 with
621 3920 628 3933 .
639 3882 732 3941 Cicero,

161 3946 192 4002 Q.
206 3946 250 3995 Fr.
262 3945 280 3994 i.
294 3948 317 4004 2,
331 3947 355 4007 7,
368 3947 416 4010 Ep.
428 3947 486 4006 liii,
503 3947 586 3997 would
602 3953 646 3998 not
661 3947 736 3997 allow
821 3950 844 3995 l.
865 3947 911 4004 Qui
977 3943 1042 4010 trra]
1070 3943 1240 3994 Thiefeatival
1248 3960 1298 3994 was
1305 3943 1365 3995 held

160 4010 221 4069 him,
239 4010 313 4059 when
329 4006 419 4072 exiled,
436 4020 462 4062 to
477 4011 536 4062 take
549 4012 637 4078 refuge
652 4011 681 4062 in
696 4012 736 4062 his
785 4010 852 4061 from
867 4010 937 4060 Marc
967 4010 1026 4059 1ech
1037 4015 1064 4059 to
1075 4010 1144 4058 2³rd.
1179 4009 1259 4059 These
1275 4009 1366 4060 Ecstar

159 4074 285 4139 province.
320 4074 406 4126 Plane.
419 4079 458 4139 99,
472 4080 513 4126 96.
787 4075 899 4140 holidsys
926 4091 989 4125 wera
1011 4074 1081 4140 quite
1105 4073 1200 4137 spoiled
1223 4074 1258 4139 by
1280 4073 1364 4135 curio,

189 4140 446 4207 peccacatorum]
478 4140 527 4191 We
541 4140 737 4191 havaventurad
787 4140 852 4200 who,
876 4139 970 4215 having
985 4140 1075 4189 turned
1096 4139 1255 4203 demagogue,
1274 4139 1331 4190 held
1351 4157 1367 4190 a

160 4211 188 4254 to
206 4206 255 4253 add
274 4205 344 4255 these
363 4208 451 4265 words,
469 4205 618 4271 acceunting
636 4206 676 4256 for
694 4206 738 4256 the
788 4205 862 4256 series
873 4205 900 4254 ol
910 4203 1027 4254 sedrtr'ous
1037 4203 1158 4267 mectings
1170 4203 1261 4268 during
1272 4204 1349 4254 them.

160 4268 303 4384 hialin
329 4286 358 4320 ‘²
384 4272 595 4386 *hiim
611 4269 738 4385 iiiiii?
789 4268 1367 4385 eltltmhldhrtldl'lffil

161 4400 207 4449 but
227 4350 439 4451 Oicharheliniilwthe
455 4400 510 4451 hest
525 4401 627 4450 authors
645 4373 739 4465 alwayh
788 4398 834 4464 ing
849 4405 875 4450 at
888 4398 930 4449 the
945 4399 1003 4448 mad
1016 4349 1108 4448 worllli¹
1119 4350 1208 4447 yFam.
1220 4397 1286 4461 viii,
1302 4350 1338 4460 ll?
1341 4402 1364 4459 1,

162 4479 206 4513 use
221 4464 266 4514 tha
281 4467 349 4516 word
363 4465 392 4517 in
407 4482 423 4516 a
438 4465 535 4541 suicdy
550 4465 653 4516 relativa
669 4480 739 4515 sense
789 4464 837 4528 Ep.
856 4462 963 4524 cxcvii.;
981 4463 1020 4521 ii„
1039 4465 1077 4522 13,
1097 4465 1120 4524 9,
1139 4462 1188 4526 Ep.
1206 4462 1305 4514 cclviii
1325 4479 1365 4528 cp.

162 4528 225 4579 with
233 4529 267 4580 its
277 4546 335 4581 own
342 4529 410 4593 verb,
423 4536 510 4594 except
520 4546 547 4580 ln
558 4530 601 4582 the
612 4531 663 4581 abl.
674 4530 738 4594 sing.
791 4528 897 4586 Quintil.
908 4545 935 4579 x.
947 4531 972 4592 2,
984 4529 1024 4591 25,
1038 4530 1191 4590 asperitates
1204 4529 1288 4580 Caelii.
