<?xml version="1.0" encoding="UTF-8"?>
<!DOCTYPE html PUBLIC "-//W3C//DTD XHTML 1.0 Transitional//EN"
    "http://www.w3.org/TR/xhtml1/DTD/xhtml1-transitional.dtd">
<html xmlns="http://www.w3.org/1999/xhtml" xml:lang="en" lang="en">
 <head>
  <title>
</title>
<meta http-equiv="Content-Type" content="text/html;charset=utf-8" />
  <meta name='ocr-system' content='tesseract 3.04.00' />
  <meta name='ocr-capabilities' content='ocr_page ocr_carea ocr_par ocr_line ocrx_word'/>
</head>
<body>
  <div class='ocr_page' id='page_1' title='image "./correspondencem00pursgoog_0279.png"; bbox 0 0 3150 5109; ppageno 0'>
   <div class='ocr_carea' id='block_1_1' title="bbox 548 492 1344 578">
    <p class='ocr_par' dir='ltr' id='par_1_1' title="bbox 548 492 1344 578">
     <span class='ocr_line' id='line_1_1' title="bbox 548 492 1344 578; baseline 0.001 -17"><span class='ocrx_word' id='word_1_1' title='bbox 548 492 644 561; x_wconf 79' lang='lat' dir='ltr'><strong>ocu.</strong></span> <span class='ocrx_word' id='word_1_2' title='bbox 669 493 784 578; x_wconf 71' lang='lat' dir='ltr'><strong>(arr.</strong></span> <span class='ocrx_word' id='word_1_3' title='bbox 814 494 852 562; x_wconf 76' lang='lat' dir='ltr'><strong>V.</strong></span> <span class='ocrx_word' id='word_1_4' title='bbox 876 495 942 578; x_wconf 73' lang='lat' dir='ltr'><strong>ar).</strong></span> <span class='ocrx_word' id='word_1_5' title='bbox 1282 497 1344 562; x_wconf 82' lang='lat'><strong>165</strong></span> 
     </span>
    </p>
   </div>
   <div class='ocr_carea' id='block_1_2' title="bbox 136 664 1348 3965">
    <p class='ocr_par' dir='ltr' id='par_1_2' title="bbox 136 664 1348 3965">
     <span class='ocr_line' id='line_1_2' title="bbox 139 664 1347 757; baseline 0.005 -26"><span class='ocrx_word' id='word_1_6' title='bbox 139 664 284 751; x_wconf 77' lang='lat' dir='ltr'>gratias:</span> <span class='ocrx_word' id='word_1_7' title='bbox 322 665 560 753; x_wconf 86' lang='lat' dir='ltr'><strong>praefecturam</strong></span> <span class='ocrx_word' id='word_1_8' title='bbox 588 666 714 753; x_wconf 85' lang='lat' dir='ltr'><strong>petivit.</strong></span> <span class='ocrx_word' id='word_1_9' title='bbox 759 666 890 755; x_wconf 78' lang='lat' dir='ltr'>Negavi</span> <span class='ocrx_word' id='word_1_10' title='bbox 913 690 967 735; x_wconf 91' lang='lat' dir='ltr'><strong>me</strong></span> <span class='ocrx_word' id='word_1_11' title='bbox 989 669 1140 757; x_wconf 89' lang='lat' dir='ltr'><strong>cuiquam</strong></span> <span class='ocrx_word' id='word_1_12' title='bbox 1164 669 1347 757; x_wconf 72' lang='lat' dir='ltr'><strong>negotianti</strong></span> 
     </span>
     <span class='ocr_line' id='line_1_3' title="bbox 140 770 1346 860; baseline 0.006 -27"><span class='ocrx_word' id='word_1_13' title='bbox 140 770 227 849; x_wconf 88' lang='lat' dir='ltr'><strong>dara,</strong></span> <span class='ocrx_word' id='word_1_14' title='bbox 244 771 332 855; x_wconf 92' lang='lat' dir='ltr'><strong>quod</strong></span> <span class='ocrx_word' id='word_1_15' title='bbox 346 770 433 837; x_wconf 92' lang='lat' dir='ltr'><strong>idem</strong></span> <span class='ocrx_word' id='word_1_16' title='bbox 447 770 509 837; x_wconf 90' lang='lat' dir='ltr'><strong>tibi</strong></span> <span class='ocrx_word' id='word_1_17' title='bbox 529 772 739 837; x_wconf 79' lang='lat' dir='ltr'><strong>ostenderam.</strong></span> <span class='ocrx_word' id='word_1_18' title='bbox 786 771 847 838; x_wconf 83' lang='lat' dir='ltr'><strong>On.</strong></span> <span class='ocrx_word' id='word_1_19' title='bbox 864 771 1019 860; x_wconf 90' lang='lat' dir='ltr'><strong>Pompeio</strong></span> <span class='ocrx_word' id='word_1_20' title='bbox 1035 774 1160 860; x_wconf 87' lang='lat' dir='ltr'><strong>patenti</strong></span> <span class='ocrx_word' id='word_1_21' title='bbox 1175 772 1346 860; x_wconf 89' lang='lat' dir='ltr'><strong>probaram</strong></span> 
     </span>
     <span class='ocr_line' id='line_1_4' title="bbox 139 871 1345 961; baseline 0.006 -24"><span class='ocrx_word' id='word_1_22' title='bbox 139 871 329 939; x_wconf 87' lang='lat' dir='ltr'><strong>institutum</strong></span> <span class='ocrx_word' id='word_1_23' title='bbox 357 897 478 954; x_wconf 86' lang='lat' dir='ltr'><strong>meum,</strong></span> <span class='ocrx_word' id='word_1_24' title='bbox 510 874 591 959; x_wconf 91' lang='lat' dir='ltr'><strong>quid</strong></span> <span class='ocrx_word' id='word_1_25' title='bbox 619 875 751 940; x_wconf 81' lang='lat' dir='ltr'><strong>dicam?</strong></span> <span class='ocrx_word' id='word_1_26' title='bbox 795 874 960 961; x_wconf 82' lang='lat' dir='ltr'><strong>Torquato</strong></span> <span class='ocrx_word' id='word_1_27' title='bbox 988 878 1030 944; x_wconf 92' lang='lat' dir='ltr'><strong>de</strong></span> <span class='ocrx_word' id='word_1_28' title='bbox 1055 876 1104 942; x_wconf 81' lang='lat' dir='ltr'><strong>M.</strong></span> <span class='ocrx_word' id='word_1_29' title='bbox 1127 875 1251 943; x_wconf 80' lang='lat' dir='ltr'><strong>Laenio</strong></span> <span class='ocrx_word' id='word_1_30' title='bbox 1278 881 1345 957; x_wconf 91' lang='lat' dir='ltr'><strong>tuo,</strong></span> 
     </span>
     <span class='ocr_line' id='line_1_5' title="bbox 140 977 1345 1066; baseline 0.006 -26"><span class='ocrx_word' id='word_1_31' title='bbox 140 977 254 1043; x_wconf 88' lang='lat' dir='ltr'><strong>multis</strong></span> <span class='ocrx_word' id='word_1_32' title='bbox 278 977 359 1043; x_wconf 91' lang='lat' dir='ltr'><strong>aliis.</strong></span> <span class='ocrx_word' id='word_1_33' title='bbox 405 977 464 1045; x_wconf 91' lang='lat' dir='ltr'><strong>Sin</strong></span> <span class='ocrx_word' id='word_1_34' title='bbox 488 977 671 1065; x_wconf 87' lang='lat' dir='ltr'><strong>praefectus</strong></span> <span class='ocrx_word' id='word_1_35' title='bbox 695 978 795 1046; x_wconf 88' lang='lat' dir='ltr'><strong>vellet</strong></span> <span class='ocrx_word' id='word_1_36' title='bbox 826 1001 893 1045; x_wconf 91' lang='lat' dir='ltr'><strong>esse</strong></span> <span class='ocrx_word' id='word_1_37' title='bbox 923 980 1129 1066; x_wconf 81' lang='lat' dir='ltr'><strong>syngraphae</strong></span> <span class='ocrx_word' id='word_1_38' title='bbox 1158 1003 1262 1061; x_wconf 82' lang='lat' dir='ltr'><strong>causa,</strong></span> <span class='ocrx_word' id='word_1_39' title='bbox 1292 1003 1345 1047; x_wconf 90' lang='lat' dir='ltr'><strong>me</strong></span> 
     </span>
     <span class='ocr_line' id='line_1_6' title="bbox 140 1081 1344 1170; baseline 0.005 -26"><span class='ocrx_word' id='word_1_40' title='bbox 140 1084 328 1148; x_wconf 89' lang='lat' dir='ltr'><strong>curaturum</strong></span> <span class='ocrx_word' id='word_1_41' title='bbox 341 1082 540 1169; x_wconf 83' lang='lat' dir='ltr'><strong>utcxigeret.</strong></span> <span class='ocrx_word' id='word_1_42' title='bbox 574 1081 704 1150; x_wconf 82' lang='lat' dir='ltr'><strong>Gratias</strong></span> <span class='ocrx_word' id='word_1_43' title='bbox 718 1082 809 1170; x_wconf 85' lang='lat' dir='ltr'><strong>egit:</strong></span> <span class='ocrx_word' id='word_1_44' title='bbox 825 1082 978 1148; x_wconf 90' lang='lat' dir='ltr'><strong>discessit.</strong></span> <span class='ocrx_word' id='word_1_45' title='bbox 1008 1082 1138 1170; x_wconf 89' lang='lat' dir='ltr'><strong>Appius</strong></span> <span class='ocrx_word' id='word_1_46' title='bbox 1153 1088 1262 1150; x_wconf 88' lang='lat' dir='ltr'><strong>noster</strong></span> <span class='ocrx_word' id='word_1_47' title='bbox 1275 1088 1344 1150; x_wconf 90' lang='lat' dir='ltr'><strong>tur·</strong></span> 
     </span>
     <span class='ocr_line' id='line_1_7' title="bbox 140 1184 1344 1273; baseline 0.006 -27"><span class='ocrx_word' id='word_1_48' title='bbox 140 1204 211 1247; x_wconf 88' lang='lat' dir='ltr'><strong>mas</strong></span> <span class='ocrx_word' id='word_1_49' title='bbox 225 1184 350 1270; x_wconf 85' lang='lat' dir='ltr'><strong>aliquot</strong></span> <span class='ocrx_word' id='word_1_50' title='bbox 361 1187 506 1273; x_wconf 89' lang='lat' dir='ltr'><strong>equitum</strong></span> <span class='ocrx_word' id='word_1_51' title='bbox 516 1187 648 1265; x_wconf 79' lang='lat' dir='ltr'><strong>dederat</strong></span> <span class='ocrx_word' id='word_1_52' title='bbox 659 1186 736 1252; x_wconf 91' lang='lat' dir='ltr'><strong>huic</strong></span> <span class='ocrx_word' id='word_1_53' title='bbox 746 1185 886 1273; x_wconf 89' lang='lat' dir='ltr'><strong>Scaptio,</strong></span> <span class='ocrx_word' id='word_1_54' title='bbox 902 1209 1048 1272; x_wconf 86' lang='lat' dir='ltr'><strong>perquas</strong></span> <span class='ocrx_word' id='word_1_55' title='bbox 1056 1186 1344 1254; x_wconf 89' lang='lat' dir='ltr'><strong>Salaminiosooer·</strong></span> 
     </span>
     <span class='ocr_line' id='line_1_8' title="bbox 141 1288 1344 1378; baseline 0.004 -26"><span class='ocrx_word' id='word_1_56' title='bbox 141 1291 237 1367; x_wconf 85' lang='lat' dir='ltr'><strong>cerat,</strong></span> <span class='ocrx_word' id='word_1_57' title='bbox 248 1292 280 1354; x_wconf 92' lang='lat' dir='ltr'><strong>et</strong></span> <span class='ocrx_word' id='word_1_58' title='bbox 289 1290 438 1355; x_wconf 91' lang='lat' dir='ltr'><strong>eumdem</strong></span> <span class='ocrx_word' id='word_1_59' title='bbox 448 1288 607 1356; x_wconf 86' lang='lat' dir='ltr'><strong>habuerat</strong></span> <span class='ocrx_word' id='word_1_60' title='bbox 617 1291 828 1377; x_wconf 87' lang='lat' dir='ltr'><strong>praefectum.</strong></span> <span class='ocrx_word' id='word_1_61' title='bbox 872 1289 1024 1357; x_wconf 88' lang='lat' dir='ltr'><strong>Vaxahat</strong></span> <span class='ocrx_word' id='word_1_62' title='bbox 1036 1290 1238 1357; x_wconf 88' lang='lat' dir='ltr'><strong>Salaminios.</strong></span> <span class='ocrx_word' id='word_1_63' title='bbox 1269 1290 1344 1378; x_wconf 88' lang='lat' dir='ltr'><strong>Ego</strong></span> 
     </span>
     <span class='ocr_line' id='line_1_9' title="bbox 141 1390 1346 1479; baseline 0.006 -25"><span class='ocrx_word' id='word_1_64' title='bbox 141 1390 265 1475; x_wconf 83' lang='lat' dir='ltr'><strong>equites</strong></span> <span class='ocrx_word' id='word_1_65' title='bbox 280 1414 321 1457; x_wconf 85' lang='lat' dir='ltr'><strong>cx</strong></span> <span class='ocrx_word' id='word_1_66' title='bbox 336 1391 444 1477; x_wconf 81' lang='lat' dir='ltr'><strong>Cypro</strong></span> <span class='ocrx_word' id='word_1_67' title='bbox 459 1395 611 1460; x_wconf 82' lang='lat' dir='ltr'><strong>decedere</strong></span> <span class='ocrx_word' id='word_1_68' title='bbox 625 1394 714 1459; x_wconf 85' lang='lat' dir='ltr'><strong>iussi.</strong></span> <span class='ocrx_word' id='word_1_69' title='bbox 745 1393 884 1460; x_wconf 85' lang='lat' dir='ltr'><strong>Moleste</strong></span> <span class='ocrx_word' id='word_1_70' title='bbox 898 1394 976 1460; x_wconf 88' lang='lat' dir='ltr'><strong>tulit</strong></span> <span class='ocrx_word' id='word_1_71' title='bbox 990 1393 1148 1479; x_wconf 77' lang='lat' dir='ltr'><strong>Scaptius.</strong></span> <span class='ocrx_word' id='word_1_72' title='bbox 1180 1396 1231 1461; x_wconf 89' lang='lat' dir='ltr'><strong>ll.</strong></span> <span class='ocrx_word' id='word_1_73' title='bbox 1256 1394 1346 1468; x_wconf 77' lang='lat' dir='ltr'><strong>Quid</strong></span> 
     </span>
     <span class='ocr_line' id='line_1_10' title="bbox 139 1494 1347 1584; baseline 0.004 -26"><span class='ocrx_word' id='word_1_74' title='bbox 139 1494 272 1559; x_wconf 80' lang='lat' dir='ltr'><strong>multa?</strong></span> <span class='ocrx_word' id='word_1_75' title='bbox 315 1494 368 1561; x_wconf 89' lang='lat' dir='ltr'><strong>Ut</strong></span> <span class='ocrx_word' id='word_1_76' title='bbox 392 1497 423 1562; x_wconf 94' lang='lat' dir='ltr'><strong>ei</strong></span> <span class='ocrx_word' id='word_1_77' title='bbox 447 1497 546 1563; x_wconf 84' lang='lat' dir='ltr'><strong>fidem</strong></span> <span class='ocrx_word' id='word_1_78' title='bbox 571 1519 678 1563; x_wconf 91' lang='lat' dir='ltr'><strong>meam</strong></span> <span class='ocrx_word' id='word_1_79' title='bbox 703 1501 909 1584; x_wconf 87' lang='lat' dir='ltr'><strong>praestarem,</strong></span> <span class='ocrx_word' id='word_1_80' title='bbox 936 1519 1010 1563; x_wconf 90' lang='lat' dir='ltr'><strong>oum</strong></span> <span class='ocrx_word' id='word_1_81' title='bbox 1035 1498 1078 1563; x_wconf 91' lang='lat' dir='ltr'><strong>ad</strong></span> <span class='ocrx_word' id='word_1_82' title='bbox 1101 1520 1154 1563; x_wconf 90' lang='lat' dir='ltr'><strong>me</strong></span> <span class='ocrx_word' id='word_1_83' title='bbox 1175 1497 1347 1564; x_wconf 87' lang='lat' dir='ltr'><strong>Salaminii</strong></span> 
     </span>
     <span class='ocr_line' id='line_1_11' title="bbox 142 1595 1344 1688; baseline 0.006 -27"><span class='ocrx_word' id='word_1_84' title='bbox 142 1595 281 1663; x_wconf 87' lang='lat' dir='ltr'><strong>&#39;I&#39;arsum</strong></span> <span class='ocrx_word' id='word_1_85' title='bbox 295 1600 457 1666; x_wconf 86' lang='lat' dir='ltr'><strong>venissent</strong></span> <span class='ocrx_word' id='word_1_86' title='bbox 472 1605 505 1667; x_wconf 90' lang='lat' dir='ltr'><strong>et</strong></span> <span class='ocrx_word' id='word_1_87' title='bbox 523 1601 559 1667; x_wconf 91' lang='lat' dir='ltr'><strong>in</strong></span> <span class='ocrx_word' id='word_1_88' title='bbox 580 1601 622 1666; x_wconf 91' lang='lat' dir='ltr'><strong>iis</strong></span> <span class='ocrx_word' id='word_1_89' title='bbox 641 1600 801 1687; x_wconf 80' lang='lat' dir='ltr'><strong>Scaptius,</strong></span> <span class='ocrx_word' id='word_1_90' title='bbox 821 1601 978 1686; x_wconf 83' lang='lat' dir='ltr'><strong>imperavi</strong></span> <span class='ocrx_word' id='word_1_91' title='bbox 1001 1606 1038 1666; x_wconf 92' lang='lat' dir='ltr'><strong>ut</strong></span> <span class='ocrx_word' id='word_1_92' title='bbox 1058 1600 1228 1688; x_wconf 89' lang='lat' dir='ltr'><strong>pecuniam</strong></span> <span class='ocrx_word' id='word_1_93' title='bbox 1243 1601 1344 1668; x_wconf 88' lang='lat' dir='ltr'><strong>solve·</strong></span> 
     </span>
     <span class='ocr_line' id='line_1_12' title="bbox 141 1701 1343 1791; baseline 0.003 -26"><span class='ocrx_word' id='word_1_94' title='bbox 141 1706 225 1766; x_wconf 89' lang='lat' dir='ltr'><strong>rent.</strong></span> <span class='ocrx_word' id='word_1_95' title='bbox 256 1701 366 1768; x_wconf 87' lang='lat' dir='ltr'><strong>Multa</strong></span> <span class='ocrx_word' id='word_1_96' title='bbox 380 1705 421 1770; x_wconf 92' lang='lat' dir='ltr'><strong>dc</strong></span> <span class='ocrx_word' id='word_1_97' title='bbox 434 1704 634 1791; x_wconf 87' lang='lat' dir='ltr'><strong>syngrapha,</strong></span> <span class='ocrx_word' id='word_1_98' title='bbox 650 1704 824 1791; x_wconf 87' lang='lat' dir='ltr'><strong>deScaptii</strong></span> <span class='ocrx_word' id='word_1_99' title='bbox 835 1704 972 1770; x_wconf 87' lang='lat' dir='ltr'><strong>iniuriis.</strong></span> <span class='ocrx_word' id='word_1_100' title='bbox 1011 1703 1143 1791; x_wconf 84' lang='lat' dir='ltr'><strong>Negavi</strong></span> <span class='ocrx_word' id='word_1_101' title='bbox 1153 1727 1206 1771; x_wconf 90' lang='lat' dir='ltr'><strong>me</strong></span> <span class='ocrx_word' id='word_1_102' title='bbox 1221 1705 1343 1771; x_wconf 88' lang='lat' dir='ltr'><strong>audire.</strong></span> 
     </span>
     <span class='ocr_line' id='line_1_13' title="bbox 141 1801 1346 1895; baseline 0.005 -27"><span class='ocrx_word' id='word_1_103' title='bbox 141 1801 306 1871; x_wconf 87' lang='lat' dir='ltr'><strong>Hortatus</strong></span> <span class='ocrx_word' id='word_1_104' title='bbox 317 1828 398 1886; x_wconf 88' lang='lat' dir='ltr'><strong>sum,</strong></span> <span class='ocrx_word' id='word_1_105' title='bbox 410 1809 511 1894; x_wconf 86' lang='lat' dir='ltr'><strong>petivi</strong></span> <span class='ocrx_word' id='word_1_106' title='bbox 522 1809 620 1875; x_wconf 88' lang='lat' dir='ltr'><strong>etiam</strong></span> <span class='ocrx_word' id='word_1_107' title='bbox 631 1832 689 1895; x_wconf 92' lang='lat' dir='ltr'><strong>pro</strong></span> <span class='ocrx_word' id='word_1_108' title='bbox 703 1808 831 1874; x_wconf 89' lang='lat' dir='ltr'><strong>maisin</strong></span> <span class='ocrx_word' id='word_1_109' title='bbox 845 1808 1009 1874; x_wconf 89' lang='lat' dir='ltr'><strong>civitatem</strong></span> <span class='ocrx_word' id='word_1_110' title='bbox 1018 1807 1182 1874; x_wconf 88' lang='lat' dir='ltr'><strong>beneficiis</strong></span> <span class='ocrx_word' id='word_1_111' title='bbox 1195 1812 1233 1873; x_wconf 92' lang='lat' dir='ltr'><strong>ut</strong></span> <span class='ocrx_word' id='word_1_112' title='bbox 1247 1830 1346 1895; x_wconf 89' lang='lat' dir='ltr'><strong>nego·</strong></span> 
     </span>
     <span class='ocr_line' id='line_1_14' title="bbox 140 1907 1346 1999; baseline 0.006 -28"><span class='ocrx_word' id='word_1_113' title='bbox 140 1907 226 1974; x_wconf 89' lang='lat' dir='ltr'><strong>tium</strong></span> <span class='ocrx_word' id='word_1_114' title='bbox 237 1910 446 1977; x_wconf 87' lang='lat' dir='ltr'><strong>conficerent:</strong></span> <span class='ocrx_word' id='word_1_115' title='bbox 468 1914 607 1999; x_wconf 91' lang='lat' dir='ltr'><strong>denique</strong></span> <span class='ocrx_word' id='word_1_116' title='bbox 617 1914 686 1978; x_wconf 84' lang='lat' dir='ltr'><strong>dixi</strong></span> <span class='ocrx_word' id='word_1_117' title='bbox 700 1935 752 1979; x_wconf 93' lang='lat' dir='ltr'><strong>me</strong></span> <span class='ocrx_word' id='word_1_118' title='bbox 767 1917 962 1978; x_wconf 88' lang='lat' dir='ltr'><strong>coacturum.</strong></span> <span class='ocrx_word' id='word_1_119' title='bbox 993 1912 1155 1978; x_wconf 88' lang='lat' dir='ltr'><strong>Homines</strong></span> <span class='ocrx_word' id='word_1_120' title='bbox 1169 1934 1235 1979; x_wconf 95' lang='lat' dir='ltr'><strong>non</strong></span> <span class='ocrx_word' id='word_1_121' title='bbox 1250 1914 1346 1978; x_wconf 94' lang='lat' dir='ltr'><strong>modo</strong></span> 
     </span>
     <span class='ocr_line' id='line_1_15' title="bbox 140 2016 1346 2101; baseline 0.005 -24"><span class='ocrx_word' id='word_1_122' title='bbox 140 2033 207 2078; x_wconf 92' lang='lat' dir='ltr'><strong>non</strong></span> <span class='ocrx_word' id='word_1_123' title='bbox 228 2036 384 2095; x_wconf 88' lang='lat' dir='ltr'><strong>recusare,</strong></span> <span class='ocrx_word' id='word_1_124' title='bbox 404 2016 460 2082; x_wconf 91' lang='lat' dir='ltr'><strong>sed</strong></span> <span class='ocrx_word' id='word_1_125' title='bbox 481 2017 579 2082; x_wconf 87' lang='lat' dir='ltr'><strong>etiam</strong></span> <span class='ocrx_word' id='word_1_126' title='bbox 601 2016 661 2082; x_wconf 92' lang='lat' dir='ltr'><strong>hoo</strong></span> <span class='ocrx_word' id='word_1_127' title='bbox 683 2016 799 2097; x_wconf 88' lang='lat' dir='ltr'><strong>dicere,</strong></span> <span class='ocrx_word' id='word_1_128' title='bbox 822 2038 856 2082; x_wconf 88' lang='lat' dir='ltr'><strong>se</strong></span> <span class='ocrx_word' id='word_1_129' title='bbox 875 2038 895 2081; x_wconf 91' lang='lat' dir='ltr'><strong>a</strong></span> <span class='ocrx_word' id='word_1_130' title='bbox 915 2038 969 2081; x_wconf 91' lang='lat' dir='ltr'><strong>me</strong></span> <span class='ocrx_word' id='word_1_131' title='bbox 990 2016 1133 2082; x_wconf 87' lang='lat' dir='ltr'><strong>solvere:</strong></span> <span class='ocrx_word' id='word_1_132' title='bbox 1157 2017 1244 2101; x_wconf 91' lang='lat' dir='ltr'><strong>quod</strong></span> <span class='ocrx_word' id='word_1_133' title='bbox 1257 2016 1346 2082; x_wconf 81' lang='lat' dir='ltr'><strong>eninr</strong></span> 
     </span>
     <span class='ocr_line' id='line_1_16' title="bbox 140 2117 1346 2206; baseline 0.003 -25"><span class='ocrx_word' id='word_1_134' title='bbox 140 2117 282 2200; x_wconf 86' lang='lat' dir='ltr'><strong>praetori</strong></span> <span class='ocrx_word' id='word_1_135' title='bbox 300 2120 378 2185; x_wconf 85' lang='lat' dir='ltr'><strong>dare</strong></span> <span class='ocrx_word' id='word_1_136' title='bbox 397 2123 602 2186; x_wconf 88' lang='lat' dir='ltr'><strong>consuessent</strong></span> <span class='ocrx_word' id='word_1_137' title='bbox 624 2120 780 2206; x_wconf 85' lang='lat' dir='ltr'><strong>quoniam</strong></span> <span class='ocrx_word' id='word_1_138' title='bbox 802 2141 863 2206; x_wconf 85' lang='lat' dir='ltr'><strong>ago</strong></span> <span class='ocrx_word' id='word_1_139' title='bbox 886 2141 953 2185; x_wconf 91' lang='lat' dir='ltr'><strong>non</strong></span> <span class='ocrx_word' id='word_1_140' title='bbox 978 2141 1171 2206; x_wconf 85' lang='lat' dir='ltr'><strong>acceperam,</strong></span> <span class='ocrx_word' id='word_1_141' title='bbox 1194 2141 1227 2185; x_wconf 89' lang='lat' dir='ltr'><strong>sa</strong></span> <span class='ocrx_word' id='word_1_142' title='bbox 1250 2142 1271 2185; x_wconf 89' lang='lat' dir='ltr'><strong>a</strong></span> <span class='ocrx_word' id='word_1_143' title='bbox 1293 2141 1346 2185; x_wconf 91' lang='lat' dir='ltr'><strong>me</strong></span> 
     </span>
     <span class='ocr_line' id='line_1_17' title="bbox 139 2222 1346 2310; baseline 0.003 -24"><span class='ocrx_word' id='word_1_144' title='bbox 139 2223 281 2306; x_wconf 86' lang='lat' dir='ltr'><strong>quodam</strong></span> <span class='ocrx_word' id='word_1_145' title='bbox 303 2225 399 2290; x_wconf 90' lang='lat' dir='ltr'><strong>modo</strong></span> <span class='ocrx_word' id='word_1_146' title='bbox 422 2225 508 2304; x_wconf 88' lang='lat' dir='ltr'><strong>dara,</strong></span> <span class='ocrx_word' id='word_1_147' title='bbox 529 2227 626 2310; x_wconf 90' lang='lat' dir='ltr'><strong>atque</strong></span> <span class='ocrx_word' id='word_1_148' title='bbox 647 2224 745 2290; x_wconf 87' lang='lat' dir='ltr'><strong>etiam</strong></span> <span class='ocrx_word' id='word_1_149' title='bbox 762 2223 872 2289; x_wconf 90' lang='lat' dir='ltr'><strong>minus</strong></span> <span class='ocrx_word' id='word_1_150' title='bbox 892 2246 958 2290; x_wconf 91' lang='lat' dir='ltr'><strong>esse</strong></span> <span class='ocrx_word' id='word_1_151' title='bbox 980 2224 1146 2310; x_wconf 91' lang='lat' dir='ltr'><strong>aliquanto</strong></span> <span class='ocrx_word' id='word_1_152' title='bbox 1166 2223 1202 2289; x_wconf 90' lang='lat' dir='ltr'><strong>in</strong></span> <span class='ocrx_word' id='word_1_153' title='bbox 1224 2222 1346 2310; x_wconf 90' lang='lat' dir='ltr'><strong>Scaptii</strong></span> 
     </span>
     <span class='ocr_line' id='line_1_18' title="bbox 140 2326 1346 2415; baseline 0.003 -25"><span class='ocrx_word' id='word_1_154' title='bbox 140 2326 272 2392; x_wconf 90' lang='lat' dir='ltr'><strong>nomine</strong></span> <span class='ocrx_word' id='word_1_155' title='bbox 283 2350 382 2412; x_wconf 92' lang='lat' dir='ltr'><strong>quam</strong></span> <span class='ocrx_word' id='word_1_156' title='bbox 395 2327 432 2393; x_wconf 90' lang='lat' dir='ltr'><strong>iu</strong></span> <span class='ocrx_word' id='word_1_157' title='bbox 446 2327 600 2415; x_wconf 83' lang='lat' dir='ltr'><strong>vectigali</strong></span> <span class='ocrx_word' id='word_1_158' title='bbox 614 2329 784 2413; x_wconf 91' lang='lat' dir='ltr'><strong>praetorio.</strong></span> <span class='ocrx_word' id='word_1_159' title='bbox 816 2326 1007 2395; x_wconf 79' lang='lat' dir='ltr'><strong>Collaudavi</strong></span> <span class='ocrx_word' id='word_1_160' title='bbox 1018 2328 1172 2393; x_wconf 89' lang='lat' dir='ltr'><strong>homines.</strong></span> <span class='ocrx_word' id='word_1_161' title='bbox 1205 2326 1346 2407; x_wconf 71' lang='lat' dir='ltr'><strong>‘Recta&#39;</strong></span> 
     </span>
     <span class='ocr_line' id='line_1_19' title="bbox 139 2429 1347 2519; baseline 0.003 -25"><span class='ocrx_word' id='word_1_162' title='bbox 139 2429 249 2515; x_wconf 92' lang='lat' dir='ltr'><strong>inquit</strong></span> <span class='ocrx_word' id='word_1_163' title='bbox 263 2429 421 2516; x_wconf 84' lang='lat' dir='ltr'><strong>Scaptius,</strong></span> <span class='ocrx_word' id='word_1_164' title='bbox 438 2434 511 2498; x_wconf 90' lang='lat' dir='ltr'><strong>‘sed</strong></span> <span class='ocrx_word' id='word_1_165' title='bbox 526 2431 742 2498; x_wconf 87' lang='lat' dir='ltr'><strong>subducamus</strong></span> <span class='ocrx_word' id='word_1_166' title='bbox 757 2433 938 2497; x_wconf 78' lang='lat' dir='ltr'><strong>summam.²</strong></span> <span class='ocrx_word' id='word_1_167' title='bbox 982 2432 1130 2510; x_wconf 90' lang='lat' dir='ltr'><strong>Interim,</strong></span> <span class='ocrx_word' id='word_1_168' title='bbox 1147 2455 1220 2497; x_wconf 90' lang='lat' dir='ltr'><strong>cum</strong></span> <span class='ocrx_word' id='word_1_169' title='bbox 1235 2455 1296 2519; x_wconf 88' lang='lat' dir='ltr'><strong>ego</strong></span> <span class='ocrx_word' id='word_1_170' title='bbox 1310 2432 1347 2498; x_wconf 91' lang='lat' dir='ltr'><strong>in</strong></span> 
     </span>
     <span class='ocr_line' id='line_1_20' title="bbox 139 2534 1345 2602; baseline 0.003 -4"><span class='ocrx_word' id='word_1_171' title='bbox 139 2534 244 2600; x_wconf 90' lang='lat' dir='ltr'><strong>edicto</strong></span> <span class='ocrx_word' id='word_1_172' title='bbox 280 2534 479 2602; x_wconf 86' lang='lat' dir='ltr'><strong>translaticio</strong></span> <span class='ocrx_word' id='word_1_173' title='bbox 515 2536 703 2601; x_wconf 90' lang='lat' dir='ltr'><strong>centesimas</strong></span> <span class='ocrx_word' id='word_1_174' title='bbox 734 2559 788 2602; x_wconf 93' lang='lat' dir='ltr'><strong>me</strong></span> <span class='ocrx_word' id='word_1_175' title='bbox 817 2534 1061 2602; x_wconf 83' lang='lat' dir='ltr'><strong>observaturum</strong></span> <span class='ocrx_word' id='word_1_176' title='bbox 1090 2534 1243 2601; x_wconf 88' lang='lat' dir='ltr'><strong>haberem</strong></span> <span class='ocrx_word' id='word_1_177' title='bbox 1271 2559 1345 2602; x_wconf 91' lang='lat' dir='ltr'><strong>cum</strong></span> 
     </span>
     <span class='ocr_line' id='line_1_21' title="bbox 140 2637 1346 2726; baseline 0.004 -25"><span class='ocrx_word' id='word_1_178' title='bbox 140 2637 336 2703; x_wconf 86' lang='lat' dir='ltr'><strong>anatocismo</strong></span> <span class='ocrx_word' id='word_1_179' title='bbox 358 2639 586 2720; x_wconf 85' lang='lat' dir='ltr'><strong>anniversario,</strong></span> <span class='ocrx_word' id='word_1_180' title='bbox 608 2639 665 2706; x_wconf 88' lang='lat' dir='ltr'><strong>illa</strong></span> <span class='ocrx_word' id='word_1_181' title='bbox 687 2662 729 2706; x_wconf 90' lang='lat' dir='ltr'><strong>ex</strong></span> <span class='ocrx_word' id='word_1_182' title='bbox 749 2641 939 2726; x_wconf 88' lang='lat' dir='ltr'><strong>syngrapha</strong></span> <span class='ocrx_word' id='word_1_183' title='bbox 959 2638 1143 2726; x_wconf 83' lang='lat' dir='ltr'><strong>postulabat</strong></span> <span class='ocrx_word' id='word_1_184' title='bbox 1164 2643 1346 2725; x_wconf 87' lang='lat' dir='ltr'><strong>quetemas.</strong></span> 
     </span>
     <span class='ocr_line' id='line_1_22' title="bbox 140 2739 1347 2829; baseline -0.001 -19"><span class='ocrx_word' id='word_1_185' title='bbox 140 2739 253 2810; x_wconf 78' lang='lat' dir='ltr'><strong>‘Quid</strong></span> <span class='ocrx_word' id='word_1_186' title='bbox 268 2740 315 2806; x_wconf 87' lang='lat' dir='ltr'><strong>ais</strong></span> <span class='ocrx_word' id='word_1_187' title='bbox 327 2740 364 2806; x_wconf 76' lang='lat' dir='ltr'><strong>f’</strong></span> <span class='ocrx_word' id='word_1_188' title='bbox 387 2743 531 2828; x_wconf 91' lang='lat' dir='ltr'><strong>inquam,</strong></span> <span class='ocrx_word' id='word_1_189' title='bbox 548 2748 741 2829; x_wconf 88' lang='lat' dir='ltr'><strong>‘possumne</strong></span> <span class='ocrx_word' id='word_1_190' title='bbox 756 2748 867 2810; x_wconf 89' lang='lat' dir='ltr'><strong>contra</strong></span> <span class='ocrx_word' id='word_1_191' title='bbox 881 2766 991 2809; x_wconf 90' lang='lat' dir='ltr'><strong>meum</strong></span> <span class='ocrx_word' id='word_1_192' title='bbox 1006 2743 1147 2809; x_wconf 87' lang='lat' dir='ltr'><strong>edictum</strong></span> <span class='ocrx_word' id='word_1_193' title='bbox 1159 2742 1196 2809; x_wconf 62' lang='grc' dir='ltr'><strong>θ’</strong></span> <span class='ocrx_word' id='word_1_194' title='bbox 1228 2741 1278 2809; x_wconf 90' lang='lat' dir='ltr'><strong>At</strong></span> <span class='ocrx_word' id='word_1_195' title='bbox 1291 2743 1347 2809; x_wconf 92' lang='lat' dir='ltr'><strong>ille</strong></span> 
     </span>
     <span class='ocr_line' id='line_1_23' title="bbox 140 2844 1346 2934; baseline 0.003 -25"><span class='ocrx_word' id='word_1_196' title='bbox 140 2844 266 2929; x_wconf 82' lang='lat' dir='ltr'><strong>profert</strong></span> <span class='ocrx_word' id='word_1_197' title='bbox 280 2850 410 2911; x_wconf 90' lang='lat' dir='ltr'><strong>senatus</strong></span> <span class='ocrx_word' id='word_1_198' title='bbox 425 2847 607 2912; x_wconf 89' lang='lat' dir='ltr'><strong>consultum</strong></span> <span class='ocrx_word' id='word_1_199' title='bbox 621 2846 764 2914; x_wconf 90' lang='lat' dir='ltr'><strong>Lentulo</strong></span> <span class='ocrx_word' id='word_1_200' title='bbox 779 2847 997 2934; x_wconf 91' lang='lat' dir='ltr'><strong>Philippoque</strong></span> <span class='ocrx_word' id='word_1_201' title='bbox 1011 2847 1203 2927; x_wconf 88' lang='lat' dir='ltr'><strong>consulibus,</strong></span> <span class='ocrx_word' id='word_1_202' title='bbox 1215 2868 1269 2926; x_wconf 83' lang='lat' dir='ltr'><strong>ur,</strong></span> <span class='ocrx_word' id='word_1_203' title='bbox 1286 2869 1346 2916; x_wconf 79' lang='lat' dir='ltr'><strong>our</strong></span> 
     </span>
     <span class='ocr_line' id='line_1_24' title="bbox 139 2946 1346 3029; baseline 0.002 -16"><span class='ocrx_word' id='word_1_204' title='bbox 139 2946 300 3014; x_wconf 75' lang='lat' dir='ltr'><strong>eureus</strong></span> <span class='ocrx_word' id='word_1_205' title='bbox 315 2971 946 3029; x_wconf 71' lang='lat' dir='ltr'><strong>onrrunnnr,1usux1mssr1sensr11s</strong></span> <span class='ocrx_word' id='word_1_206' title='bbox 957 2972 1112 3016; x_wconf 81' lang='lat' dir='ltr'><strong>mossur.</strong></span> <span class='ocrx_word' id='word_1_207' title='bbox 1158 2951 1210 3016; x_wconf 78' lang='lat'><strong>12.</strong></span> <span class='ocrx_word' id='word_1_208' title='bbox 1228 2950 1346 3016; x_wconf 79' lang='lat' dir='ltr'><strong>(loher-</strong></span> 
     </span>
     <span class='ocr_line' id='line_1_25' title="bbox 136 3052 1348 3140; baseline 0.001 -22"><span class='ocrx_word' id='word_1_209' title='bbox 136 3052 189 3118; x_wconf 89' lang='lat' dir='ltr'><strong>rui</strong></span> <span class='ocrx_word' id='word_1_210' title='bbox 210 3054 338 3139; x_wconf 88' lang='lat' dir='ltr'><strong>primo:</strong></span> <span class='ocrx_word' id='word_1_211' title='bbox 361 3053 482 3121; x_wconf 89' lang='lat' dir='ltr'><strong>etenim</strong></span> <span class='ocrx_word' id='word_1_212' title='bbox 511 3060 581 3121; x_wconf 89' lang='lat' dir='ltr'><strong>erat</strong></span> <span class='ocrx_word' id='word_1_213' title='bbox 602 3055 752 3121; x_wconf 89' lang='lat' dir='ltr'><strong>interitus</strong></span> <span class='ocrx_word' id='word_1_214' title='bbox 777 3055 927 3122; x_wconf 77' lang='lat' dir='ltr'><strong>civitatis.</strong></span> <span class='ocrx_word' id='word_1_215' title='bbox 973 3054 1113 3140; x_wconf 88' lang='lat' dir='ltr'><strong>Reperio</strong></span> <span class='ocrx_word' id='word_1_216' title='bbox 1132 3054 1197 3120; x_wconf 93' lang='lat' dir='ltr'><strong>duc</strong></span> <span class='ocrx_word' id='word_1_217' title='bbox 1217 3058 1348 3120; x_wconf 89' lang='lat' dir='ltr'><strong>senatus</strong></span> 
     </span>
     <span class='ocr_line' id='line_1_26' title="bbox 136 3156 1344 3246; baseline 0 -24"><span class='ocrx_word' id='word_1_218' title='bbox 136 3157 284 3223; x_wconf 90' lang='lat' dir='ltr'><strong>consulta</strong></span> <span class='ocrx_word' id='word_1_219' title='bbox 297 3157 412 3224; x_wconf 91' lang='lat' dir='ltr'><strong>iisdem</strong></span> <span class='ocrx_word' id='word_1_220' title='bbox 434 3160 616 3226; x_wconf 89' lang='lat' dir='ltr'><strong>oonsulibus</strong></span> <span class='ocrx_word' id='word_1_221' title='bbox 638 3161 679 3226; x_wconf 91' lang='lat' dir='ltr'><strong>de</strong></span> <span class='ocrx_word' id='word_1_222' title='bbox 701 3160 813 3225; x_wconf 89' lang='lat' dir='ltr'><strong>eadem</strong></span> <span class='ocrx_word' id='word_1_223' title='bbox 835 3161 1033 3246; x_wconf 85' lang='lat' dir='ltr'><strong>syngrapha.</strong></span> <span class='ocrx_word' id='word_1_224' title='bbox 1078 3156 1248 3223; x_wconf 87' lang='lat' dir='ltr'><strong>Salaminii</strong></span> <span class='ocrx_word' id='word_1_225' title='bbox 1270 3180 1344 3223; x_wconf 89' lang='lat' dir='ltr'><strong>cum</strong></span> 
     </span>
     <span class='ocr_line' id='line_1_27' title="bbox 138 3259 1347 3350; baseline 0.001 -24"><span class='ocrx_word' id='word_1_226' title='bbox 138 3259 264 3327; x_wconf 87' lang='lat' dir='ltr'><strong>Romae</strong></span> <span class='ocrx_word' id='word_1_227' title='bbox 286 3285 452 3329; x_wconf 81' lang='lat' dir='ltr'><strong>versuram</strong></span> <span class='ocrx_word' id='word_1_228' title='bbox 474 3264 579 3329; x_wconf 88' lang='lat' dir='ltr'><strong>facere</strong></span> <span class='ocrx_word' id='word_1_229' title='bbox 602 3264 732 3344; x_wconf 87' lang='lat' dir='ltr'><strong>vellent,</strong></span> <span class='ocrx_word' id='word_1_230' title='bbox 757 3286 824 3330; x_wconf 94' lang='lat' dir='ltr'><strong>non</strong></span> <span class='ocrx_word' id='word_1_231' title='bbox 847 3266 1007 3350; x_wconf 88' lang='lat' dir='ltr'><strong>poterant,</strong></span> <span class='ocrx_word' id='word_1_232' title='bbox 1029 3263 1116 3347; x_wconf 93' lang='lat' dir='ltr'><strong>quod</strong></span> <span class='ocrx_word' id='word_1_233' title='bbox 1134 3262 1188 3327; x_wconf 87' lang='lat' dir='ltr'><strong>lex</strong></span> <span class='ocrx_word' id='word_1_234' title='bbox 1205 3260 1347 3328; x_wconf 81' lang='lat' dir='ltr'><strong>Gabinia</strong></span> 
     </span>
     <span class='ocr_line' id='line_1_28' title="bbox 139 3365 1345 3452; baseline 0.002 -23"><span class='ocrx_word' id='word_1_235' title='bbox 139 3365 279 3431; x_wconf 87' lang='lat' dir='ltr'><strong>vetabat.</strong></span> <span class='ocrx_word' id='word_1_236' title='bbox 325 3366 412 3434; x_wconf 83' lang='lat' dir='ltr'><strong>Tum</strong></span> <span class='ocrx_word' id='word_1_237' title='bbox 431 3368 472 3432; x_wconf 93' lang='lat' dir='ltr'><strong>iis</strong></span> <span class='ocrx_word' id='word_1_238' title='bbox 495 3367 594 3433; x_wconf 89' lang='lat' dir='ltr'><strong>Bruti</strong></span> <span class='ocrx_word' id='word_1_239' title='bbox 613 3367 799 3448; x_wconf 86' lang='lat' dir='ltr'><strong>familiares,</strong></span> <span class='ocrx_word' id='word_1_240' title='bbox 822 3367 899 3433; x_wconf 89' lang='lat' dir='ltr'><strong>freti</strong></span> <span class='ocrx_word' id='word_1_241' title='bbox 918 3367 1025 3452; x_wconf 87' lang='lat' dir='ltr'><strong>gratia</strong></span> <span class='ocrx_word' id='word_1_242' title='bbox 1040 3366 1147 3445; x_wconf 87' lang='lat' dir='ltr'><strong>Bruti,</strong></span> <span class='ocrx_word' id='word_1_243' title='bbox 1169 3367 1246 3431; x_wconf 85' lang='lat' dir='ltr'><strong>dare</strong></span> <span class='ocrx_word' id='word_1_244' title='bbox 1259 3365 1345 3431; x_wconf 85' lang='lat' dir='ltr'><strong>vola·</strong></span> 
     </span>
     <span class='ocr_line' id='line_1_29' title="bbox 140 3466 1347 3555; baseline 0 -22"><span class='ocrx_word' id='word_1_245' title='bbox 140 3466 221 3534; x_wconf 91' lang='lat' dir='ltr'><strong>baut</strong></span> <span class='ocrx_word' id='word_1_246' title='bbox 236 3472 410 3555; x_wconf 88' lang='lat' dir='ltr'><strong>quatemis‚</strong></span> <span class='ocrx_word' id='word_1_247' title='bbox 425 3471 453 3537; x_wconf 90' lang='lat' dir='ltr'><strong>si</strong></span> <span class='ocrx_word' id='word_1_248' title='bbox 468 3470 529 3537; x_wconf 89' lang='lat' dir='ltr'><strong>sibi</strong></span> <span class='ocrx_word' id='word_1_249' title='bbox 544 3476 673 3537; x_wconf 88' lang='lat' dir='ltr'><strong>senatus</strong></span> <span class='ocrx_word' id='word_1_250' title='bbox 689 3471 834 3537; x_wconf 90' lang='lat' dir='ltr'><strong>consulto</strong></span> <span class='ocrx_word' id='word_1_251' title='bbox 849 3476 1023 3536; x_wconf 86' lang='lat' dir='ltr'><strong>caveretur.</strong></span> <span class='ocrx_word' id='word_1_252' title='bbox 1062 3468 1119 3535; x_wconf 81' lang='lat' dir='ltr'><strong>Fit</strong></span> <span class='ocrx_word' id='word_1_253' title='bbox 1134 3469 1240 3555; x_wconf 85' lang='lat' dir='ltr'><strong>gratia</strong></span> <span class='ocrx_word' id='word_1_254' title='bbox 1248 3467 1347 3534; x_wconf 88' lang='lat' dir='ltr'><strong>Bruti</strong></span> 
     </span>
     <span class='ocr_line' id='line_1_30' title="bbox 140 3574 1347 3655; baseline 0 -19"><span class='ocrx_word' id='word_1_255' title='bbox 140 3575 271 3638; x_wconf 89' lang='lat' dir='ltr'><strong>senatus</strong></span> <span class='ocrx_word' id='word_1_256' title='bbox 293 3575 484 3655; x_wconf 84' lang='lat' dir='ltr'><strong>consultum,</strong></span> <span class='ocrx_word' id='word_1_257' title='bbox 508 3596 553 3640; x_wconf 87' lang='lat' dir='ltr'><strong>ur</strong></span> <span class='ocrx_word' id='word_1_258' title='bbox 573 3597 665 3641; x_wconf 76' lang='lat' dir='ltr'><strong>renvn</strong></span> <span class='ocrx_word' id='word_1_259' title='bbox 689 3574 894 3641; x_wconf 73' lang='lat' dir='ltr'><strong>Sunuuruns</strong></span> <span class='ocrx_word' id='word_1_260' title='bbox 917 3595 1010 3638; x_wconf 79' lang='lat' dir='ltr'><strong>unvu</strong></span> <span class='ocrx_word' id='word_1_261' title='bbox 1034 3594 1093 3643; x_wconf 83' lang='lat' dir='ltr'><strong>our</strong></span> <span class='ocrx_word' id='word_1_262' title='bbox 1115 3593 1168 3638; x_wconf 81' lang='lat' dir='ltr'><strong>urs</strong></span> <span class='ocrx_word' id='word_1_263' title='bbox 1190 3593 1347 3638; x_wconf 71' lang='lat' dir='ltr'><strong>usurasne</strong></span> 
     </span>
     <span class='ocr_line' id='line_1_31' title="bbox 141 3674 1345 3766; baseline 0.002 -27"><span class='ocrx_word' id='word_1_264' title='bbox 141 3696 270 3742; x_wconf 73' lang='lat' dir='ltr'><strong>rusum</strong></span> <span class='ocrx_word' id='word_1_265' title='bbox 300 3698 407 3743; x_wconf 71' lang='lat' dir='ltr'><strong>assur.</strong></span> <span class='ocrx_word' id='word_1_266' title='bbox 452 3676 630 3745; x_wconf 87' lang='lat' dir='ltr'><strong>Pecuniam</strong></span> <span class='ocrx_word' id='word_1_267' title='bbox 659 3682 881 3745; x_wconf 87' lang='lat' dir='ltr'><strong>numerarunt.</strong></span> <span class='ocrx_word' id='word_1_268' title='bbox 929 3674 1009 3766; x_wconf 86' lang='lat' dir='ltr'><strong>[Et]</strong></span> <span class='ocrx_word' id='word_1_269' title='bbox 1040 3682 1150 3763; x_wconf 90' lang='lat' dir='ltr'><strong>postea</strong></span> <span class='ocrx_word' id='word_1_270' title='bbox 1184 3675 1274 3741; x_wconf 83' lang='lat' dir='ltr'><strong>venit</strong></span> <span class='ocrx_word' id='word_1_271' title='bbox 1308 3675 1345 3741; x_wconf 91' lang='lat' dir='ltr'><strong>in</strong></span> 
     </span>
     <span class='ocr_line' id='line_1_32' title="bbox 139 3779 1345 3867; baseline 0 -24"><span class='ocrx_word' id='word_1_272' title='bbox 139 3784 283 3845; x_wconf 88' lang='lat' dir='ltr'><strong>mentem</strong></span> <span class='ocrx_word' id='word_1_273' title='bbox 298 3781 533 3849; x_wconf 82' lang='lat' dir='ltr'><strong>feneratoribus</strong></span> <span class='ocrx_word' id='word_1_274' title='bbox 552 3783 638 3849; x_wconf 91' lang='lat' dir='ltr'><strong>nihil</strong></span> <span class='ocrx_word' id='word_1_275' title='bbox 660 3805 693 3849; x_wconf 93' lang='lat' dir='ltr'><strong>se</strong></span> <span class='ocrx_word' id='word_1_276' title='bbox 713 3782 825 3849; x_wconf 88' lang='lat' dir='ltr'><strong>iuvare</strong></span> <span class='ocrx_word' id='word_1_277' title='bbox 847 3781 929 3847; x_wconf 91' lang='lat' dir='ltr'><strong>illud</strong></span> <span class='ocrx_word' id='word_1_278' title='bbox 945 3779 978 3846; x_wconf 86' lang='lat' dir='ltr'><strong>S.</strong></span> <span class='ocrx_word' id='word_1_279' title='bbox 996 3780 1033 3846; x_wconf 81' lang='grc' dir='ltr'><strong>Ο.</strong></span> <span class='ocrx_word' id='word_1_280' title='bbox 1050 3780 1137 3867; x_wconf 91' lang='lat' dir='ltr'><strong>quod</strong></span> <span class='ocrx_word' id='word_1_281' title='bbox 1151 3803 1191 3845; x_wconf 87' lang='lat' dir='ltr'><strong>ex</strong></span> <span class='ocrx_word' id='word_1_282' title='bbox 1209 3800 1345 3865; x_wconf 84' lang='lat' dir='ltr'><strong>syngra-</strong></span> 
     </span>
     <span class='ocr_line' id='line_1_33' title="bbox 140 3881 1345 3965; baseline 0 -18"><span class='ocrx_word' id='word_1_283' title='bbox 140 3882 206 3965; x_wconf 88' lang='lat' dir='ltr'><strong>pha</strong></span> <span class='ocrx_word' id='word_1_284' title='bbox 219 3883 271 3949; x_wconf 92' lang='lat' dir='ltr'><strong>ius</strong></span> <span class='ocrx_word' id='word_1_285' title='bbox 287 3884 351 3950; x_wconf 92' lang='lat' dir='ltr'><strong>dici</strong></span> <span class='ocrx_word' id='word_1_286' title='bbox 365 3886 419 3951; x_wconf 86' lang='lat' dir='ltr'><strong>lex</strong></span> <span class='ocrx_word' id='word_1_287' title='bbox 439 3884 580 3953; x_wconf 77' lang='lat' dir='ltr'><strong>Gabinia</strong></span> <span class='ocrx_word' id='word_1_288' title='bbox 600 3890 733 3953; x_wconf 88' lang='lat' dir='ltr'><strong>vetaret.</strong></span> <span class='ocrx_word' id='word_1_289' title='bbox 779 3885 866 3951; x_wconf 77' lang='lat' dir='ltr'><strong>Tum</strong></span> <span class='ocrx_word' id='word_1_290' title='bbox 889 3886 927 3950; x_wconf 87' lang='lat' dir='ltr'><strong>fit</strong></span> <span class='ocrx_word' id='word_1_291' title='bbox 949 3883 983 3950; x_wconf 88' lang='lat' dir='ltr'><strong>S.</strong></span> <span class='ocrx_word' id='word_1_292' title='bbox 1008 3881 1056 3962; x_wconf 73' lang='lat'><strong>0„</strong></span> <span class='ocrx_word' id='word_1_293' title='bbox 1075 3904 1120 3948; x_wconf 86' lang='lat' dir='ltr'><strong>ur</strong></span> <span class='ocrx_word' id='word_1_294' title='bbox 1142 3904 1187 3947; x_wconf 83' lang='lat' dir='ltr'><strong>nx</strong></span> <span class='ocrx_word' id='word_1_295' title='bbox 1207 3904 1253 3948; x_wconf 76' lang='lat' dir='ltr'><strong>na</strong></span> <span class='ocrx_word' id='word_1_296' title='bbox 1268 3903 1345 3947; x_wconf 76' lang='lat' dir='ltr'><strong>surs-</strong></span> 
     </span>
    </p>
   </div>
   <div class='ocr_carea' id='block_1_3' title="bbox 137 4051 1347 4640">
    <p class='ocr_par' dir='ltr' id='par_1_3' title="bbox 137 4051 1347 4640">
     <span class='ocr_line' id='line_1_34' title="bbox 140 4051 1346 4147; baseline 0.002 -46"><span class='ocrx_word' id='word_1_297' title='bbox 140 4120 141 4123; x_wconf 66' lang='lat'><strong>,</strong></span> <span class='ocrx_word' id='word_1_298' title='bbox 172 4056 231 4102; x_wconf 66' lang='lat' dir='ltr'><strong>aa.</strong></span> <span class='ocrx_word' id='word_1_299' title='bbox 247 4091 254 4102; x_wconf 93' lang='lat'><strong>.</strong></span> <span class='ocrx_word' id='word_1_300' title='bbox 269 4091 276 4103; x_wconf 92' lang='lat'><strong>.</strong></span> <span class='ocrx_word' id='word_1_301' title='bbox 289 4055 371 4120; x_wconf 71' lang='lat' dir='ltr'><strong>merra]</strong></span> <span class='ocrx_word' id='word_1_302' title='bbox 405 4055 445 4104; x_wconf 80' lang='lat' dir='ltr'><strong>‘if</strong></span> <span class='ocrx_word' id='word_1_303' title='bbox 460 4055 482 4105; x_wconf 89' lang='lat' dir='ltr'><strong>it</strong></span> <span class='ocrx_word' id='word_1_304' title='bbox 497 4071 549 4106; x_wconf 80' lang='lat' dir='ltr'><strong>was</strong></span> <span class='ocrx_word' id='word_1_305' title='bbox 564 4056 716 4147; x_wconf 85' lang='lat' dir='ltr'><strong>onfytcget</strong></span> <span class='ocrx_word' id='word_1_306' title='bbox 765 4065 793 4107; x_wconf 83' lang='lat' dir='ltr'><strong>to</strong></span> <span class='ocrx_word' id='word_1_307' title='bbox 809 4057 853 4106; x_wconf 90' lang='lat' dir='ltr'><strong>tha</strong></span> <span class='ocrx_word' id='word_1_308' title='bbox 871 4054 992 4120; x_wconf 80' lang='lat' dir='ltr'><strong>principat</strong></span> <span class='ocrx_word' id='word_1_309' title='bbox 1009 4053 1051 4103; x_wconf 92' lang='lat' dir='ltr'><strong>cul</strong></span> <span class='ocrx_word' id='word_1_310' title='bbox 1080 4058 1107 4104; x_wconf 85' lang='lat' dir='ltr'><strong>ct</strong></span> <span class='ocrx_word' id='word_1_311' title='bbox 1121 4053 1165 4104; x_wconf 89' lang='lat' dir='ltr'><strong>tha</strong></span> <span class='ocrx_word' id='word_1_312' title='bbox 1182 4052 1230 4103; x_wconf 88' lang='lat' dir='ltr'><strong>end</strong></span> <span class='ocrx_word' id='word_1_313' title='bbox 1246 4051 1346 4103; x_wconf 87' lang='lat' dir='ltr'><strong>ofsach</strong></span> 
     </span>
     <span class='ocr_line' id='line_1_35' title="bbox 140 4070 1346 4185; baseline 0 -18"><span class='ocrx_word' id='word_1_314' title='bbox 140 4116 255 4168; x_wconf 90' lang='lat' dir='ltr'><strong>hishcnd</strong></span> <span class='ocrx_word' id='word_1_315' title='bbox 267 4119 324 4182; x_wconf 89' lang='lat' dir='ltr'><strong>paid</strong></span> <span class='ocrx_word' id='word_1_316' title='bbox 335 4119 367 4169; x_wconf 88' lang='lat' dir='ltr'><strong>ha</strong></span> <span class='ocrx_word' id='word_1_317' title='bbox 378 4122 477 4170; x_wconf 78' lang='lat' dir='ltr'><strong>wanted</strong></span> <span class='ocrx_word' id='word_1_318' title='bbox 487 4121 530 4171; x_wconf 87' lang='lat' dir='ltr'><strong>tha</strong></span> <span class='ocrx_word' id='word_1_319' title='bbox 540 4127 605 4184; x_wconf 82' lang='lat' dir='ltr'><strong>post.</strong></span> <span class='ocrx_word' id='word_1_320' title='bbox 784 4137 827 4171; x_wconf 86' lang='lat' dir='ltr'><strong>car</strong></span> <span class='ocrx_word' id='word_1_321' title='bbox 840 4122 894 4185; x_wconf 87' lang='lat' dir='ltr'><strong>(not</strong></span> <span class='ocrx_word' id='word_1_322' title='bbox 912 4120 972 4170; x_wconf 83' lang='lat' dir='ltr'><strong>each</strong></span> <span class='ocrx_word' id='word_1_323' title='bbox 982 4070 1089 4183; x_wconf 79' lang='lat' dir='ltr'><strong>mouth),</strong></span> <span class='ocrx_word' id='word_1_324' title='bbox 1111 4118 1143 4168; x_wconf 92' lang='lat' dir='ltr'><strong>he</strong></span> <span class='ocrx_word' id='word_1_325' title='bbox 1162 4118 1297 4168; x_wconf 86' lang='lat' dir='ltr'><strong>demanded</strong></span> <span class='ocrx_word' id='word_1_326' title='bbox 1312 4133 1346 4167; x_wconf 89' lang='lat' dir='ltr'><strong>cn</strong></span> 
     </span>
     <span class='ocr_line' id='line_1_36' title="bbox 176 4183 1067 4252; baseline 0.004 -21"><span class='ocrx_word' id='word_1_327' title='bbox 176 4187 214 4232; x_wconf 89' lang='grc'><strong>11.</strong></span> <span class='ocrx_word' id='word_1_328' title='bbox 233 4200 258 4233; x_wconf 79' lang='lat' dir='ltr'><strong>aa</strong></span> <span class='ocrx_word' id='word_1_329' title='bbox 277 4201 293 4232; x_wconf 88' lang='lat' dir='ltr'><strong>a</strong></span> <span class='ocrx_word' id='word_1_330' title='bbox 312 4201 348 4233; x_wconf 83' lang='lat' dir='ltr'><strong>mc</strong></span> <span class='ocrx_word' id='word_1_331' title='bbox 364 4186 462 4250; x_wconf 76' lang='lat' dir='ltr'><strong>sclam]</strong></span> <span class='ocrx_word' id='word_1_332' title='bbox 497 4185 569 4237; x_wconf 82' lang='lat' dir='ltr'><strong>‘that</strong></span> <span class='ocrx_word' id='word_1_333' title='bbox 578 4186 640 4252; x_wconf 89' lang='lat' dir='ltr'><strong>they</strong></span> <span class='ocrx_word' id='word_1_334' title='bbox 650 4202 716 4237; x_wconf 83' lang='lat' dir='ltr'><strong>wera</strong></span> <span class='ocrx_word' id='word_1_335' title='bbox 786 4187 792 4197; x_wconf 85' lang='lat'>&#39;</span> <span class='ocrx_word' id='word_1_336' title='bbox 817 4187 883 4235; x_wconf 88' lang='lat' dir='ltr'><strong>hond</strong></span> <span class='ocrx_word' id='word_1_337' title='bbox 895 4189 927 4234; x_wconf 80' lang='grc'><strong>18</strong></span> <span class='ocrx_word' id='word_1_338' title='bbox 938 4201 982 4248; x_wconf 88' lang='lat' dir='ltr'><strong>par</strong></span> <span class='ocrx_word' id='word_1_339' title='bbox 992 4183 1067 4235; x_wconf 61' lang='lat' dir='ltr'><strong>cent!</strong></span> 
     </span>
     <span class='ocr_line' id='line_1_37' title="bbox 140 4247 1196 4316; baseline 0.001 -20"><span class='ocrx_word' id='word_1_340' title='bbox 140 4247 220 4314; x_wconf 85' lang='lat' dir='ltr'><strong>really</strong></span> <span class='ocrx_word' id='word_1_341' title='bbox 230 4248 325 4313; x_wconf 83' lang='lat' dir='ltr'><strong>paying</strong></span> <span class='ocrx_word' id='word_1_342' title='bbox 335 4255 381 4299; x_wconf 89' lang='lat' dir='ltr'><strong>out</strong></span> <span class='ocrx_word' id='word_1_343' title='bbox 391 4249 419 4299; x_wconf 82' lang='lat' dir='ltr'><strong>of</strong></span> <span class='ocrx_word' id='word_1_344' title='bbox 428 4266 471 4315; x_wconf 87' lang='lat' dir='ltr'><strong>my</strong></span> <span class='ocrx_word' id='word_1_345' title='bbox 482 4251 590 4314; x_wconf 60' lang='lat' dir='ltr'><strong>pocket?</strong></span> <span class='ocrx_word' id='word_1_346' title='bbox 800 4252 870 4300; x_wconf 68' lang='lat' dir='ltr'><strong>Laut.</strong></span> <span class='ocrx_word' id='word_1_347' title='bbox 884 4252 950 4300; x_wconf 78' lang='lat' dir='ltr'><strong>Phil.</strong></span> <span class='ocrx_word' id='word_1_348' title='bbox 963 4252 1039 4316; x_wconf 76' lang='lat' dir='ltr'><strong>cona]</strong></span> <span class='ocrx_word' id='word_1_349' title='bbox 1074 4251 1121 4298; x_wconf 87' lang='lat'><strong>698</strong></span> <span class='ocrx_word' id='word_1_350' title='bbox 1136 4249 1196 4313; x_wconf 79' lang='lat' dir='ltr'><strong>(tt).</strong></span> 
     </span>
     <span class='ocr_line' id='line_1_38' title="bbox 167 4310 1347 4428; baseline -0.003 -65"><span class='ocrx_word' id='word_1_351' title='bbox 167 4314 293 4428; x_wconf 55' lang='lat' dir='ltr'><strong>qrpatlcrilq</strong></span> <span class='ocrx_word' id='word_1_352' title='bbox 326 4315 541 4391; x_wconf 81' lang='lat' dir='ltr'><strong>‘thagovemcr’r</strong></span> <span class='ocrx_word' id='word_1_353' title='bbox 559 4331 600 4366; x_wconf 87' lang='lat' dir='ltr'><strong>sea</strong></span> <span class='ocrx_word' id='word_1_354' title='bbox 616 4332 649 4366; x_wconf 90' lang='lat' dir='ltr'><strong>on</strong></span> <span class='ocrx_word' id='word_1_355' title='bbox 659 4315 713 4366; x_wconf 83' lang='lat' dir='ltr'><strong>Att.</strong></span> <span class='ocrx_word' id='word_1_356' title='bbox 802 4318 842 4365; x_wconf 79' lang='lat'><strong>12.</strong></span> <span class='ocrx_word' id='word_1_357' title='bbox 878 4318 915 4365; x_wconf 72' lang='lat' dir='ltr'><strong>lea</strong></span> <span class='ocrx_word' id='word_1_358' title='bbox 951 4317 1056 4366; x_wconf 76' lang='lat' dir='ltr'><strong>Gabinia</strong></span> <span class='ocrx_word' id='word_1_359' title='bbox 1110 4314 1213 4364; x_wconf 82' lang='lat' dir='ltr'><strong>forbade</strong></span> <span class='ocrx_word' id='word_1_360' title='bbox 1244 4310 1347 4375; x_wconf 82' lang='lat' dir='ltr'><strong>lending</strong></span> 
     </span>
     <span class='ocr_line' id='line_1_39' title="bbox 139 4392 165 4426; baseline 0.077 -2"><span class='ocrx_word' id='word_1_361' title='bbox 139 4392 165 4426; x_wconf 80' lang='lat' dir='ltr'><strong>v.</strong></span> 
     </span>
     <span class='ocr_line' id='line_1_40' title="bbox 172 4414 1345 4516; baseline -0.001 -25"><span class='ocrx_word' id='word_1_362' title='bbox 172 4414 225 4491; x_wconf 67' lang='lat' dir='ltr'><strong>curia</strong></span> <span class='ocrx_word' id='word_1_363' title='bbox 241 4416 281 4507; x_wconf 57' lang='lat' dir='ltr'><strong>e’qc</strong></span> <span class='ocrx_word' id='word_1_364' title='bbox 301 4445 505 4510; x_wconf 65' lang='lat' dir='ltr'><strong>...quaterncd</strong></span> <span class='ocrx_word' id='word_1_365' title='bbox 539 4444 651 4508; x_wconf 80' lang='lat' dir='ltr'><strong>‘though</strong></span> <span class='ocrx_word' id='word_1_366' title='bbox 672 4462 716 4509; x_wconf 87' lang='lat' dir='ltr'><strong>my</strong></span> <span class='ocrx_word' id='word_1_367' title='bbox 768 4445 820 4495; x_wconf 89' lang='lat' dir='ltr'><strong>But</strong></span> <span class='ocrx_word' id='word_1_368' title='bbox 841 4444 886 4495; x_wconf 89' lang='lat' dir='ltr'><strong>the</strong></span> <span class='ocrx_word' id='word_1_369' title='bbox 902 4446 996 4495; x_wconf 83' lang='lat' dir='ltr'><strong>fneuds</strong></span> <span class='ocrx_word' id='word_1_370' title='bbox 1013 4445 1041 4495; x_wconf 86' lang='lat' dir='ltr'><strong>cf</strong></span> <span class='ocrx_word' id='word_1_371' title='bbox 1060 4443 1153 4493; x_wconf 88' lang='lat' dir='ltr'><strong>Brutus</strong></span> <span class='ocrx_word' id='word_1_372' title='bbox 1169 4441 1303 4516; x_wconf 75' lang='lat' dir='ltr'><strong>succepdad</strong></span> <span class='ocrx_word' id='word_1_373' title='bbox 1317 4440 1345 4490; x_wconf 90' lang='lat' dir='ltr'><strong>in</strong></span> 
     </span>
     <span class='ocr_line' id='line_1_41' title="bbox 139 4505 1346 4581; baseline -0.001 -25"><span class='ocrx_word' id='word_1_374' title='bbox 139 4506 717 4575; x_wconf 84' lang='lat' dir='ltr'><strong>traditionaryadictfixedtharateofintarast</strong></span> <span class='ocrx_word' id='word_1_375' title='bbox 768 4510 869 4575; x_wconf 80' lang='lat' dir='ltr'><strong>getting</strong></span> <span class='ocrx_word' id='word_1_376' title='bbox 890 4527 906 4560; x_wconf 89' lang='lat' dir='ltr'><strong>a</strong></span> <span class='ocrx_word' id='word_1_377' title='bbox 928 4511 1014 4560; x_wconf 84' lang='lat' dir='ltr'><strong>Setum</strong></span> <span class='ocrx_word' id='word_1_378' title='bbox 1030 4509 1117 4571; x_wconf 83' lang='lat' dir='ltr'><strong>passed</strong></span> <span class='ocrx_word' id='word_1_379' title='bbox 1138 4512 1281 4581; x_wconf 71' lang='lat' dir='ltr'><strong>exemptrng</strong></span> <span class='ocrx_word' id='word_1_380' title='bbox 1302 4505 1346 4555; x_wconf 84' lang='lat' dir='ltr'><strong>tha</strong></span> 
     </span>
     <span class='ocr_line' id='line_1_42' title="bbox 137 4571 1344 4640; baseline -0.001 -20"><span class='ocrx_word' id='word_1_381' title='bbox 137 4584 166 4620; x_wconf 79' lang='lat' dir='ltr'><strong>ar</strong></span> <span class='ocrx_word' id='word_1_382' title='bbox 178 4575 209 4621; x_wconf 83' lang='lat'><strong>12</strong></span> <span class='ocrx_word' id='word_1_383' title='bbox 224 4589 270 4637; x_wconf 89' lang='lat' dir='ltr'><strong>per</strong></span> <span class='ocrx_word' id='word_1_384' title='bbox 288 4582 363 4637; x_wconf 81' lang='lat' dir='ltr'><strong>cent,</strong></span> <span class='ocrx_word' id='word_1_385' title='bbox 383 4574 486 4625; x_wconf 83' lang='lat' dir='ltr'><strong>interest</strong></span> <span class='ocrx_word' id='word_1_386' title='bbox 502 4574 629 4626; x_wconf 85' lang='lat' dir='ltr'><strong>dustobe</strong></span> <span class='ocrx_word' id='word_1_387' title='bbox 639 4575 717 4626; x_wconf 86' lang='lat' dir='ltr'><strong>added</strong></span> <span class='ocrx_word' id='word_1_388' title='bbox 768 4576 862 4640; x_wconf 84' lang='lat' dir='ltr'><strong>parties</strong></span> <span class='ocrx_word' id='word_1_389' title='bbox 882 4582 908 4626; x_wconf 86' lang='lat' dir='ltr'><strong>to</strong></span> <span class='ocrx_word' id='word_1_390' title='bbox 925 4575 976 4624; x_wconf 89' lang='lat' dir='ltr'><strong>this</strong></span> <span class='ocrx_word' id='word_1_391' title='bbox 989 4572 1140 4624; x_wconf 66' lang='lat' dir='ltr'><strong>manchon</strong></span> <span class='ocrx_word' id='word_1_392' title='bbox 1156 4571 1221 4621; x_wconf 87' lang='lat' dir='ltr'><strong>from</strong></span> <span class='ocrx_word' id='word_1_393' title='bbox 1235 4577 1269 4621; x_wconf 88' lang='lat' dir='ltr'><strong>rts</strong></span> <span class='ocrx_word' id='word_1_394' title='bbox 1285 4586 1344 4635; x_wconf 82' lang='lat' dir='ltr'><strong>pro·</strong></span> 
     </span>
    </p>
   </div>
   <div class='ocr_carea' id='block_1_4' title="bbox 293 4376 1344 4457">
    <p class='ocr_par' dir='ltr' id='par_1_4' title="bbox 293 4376 1344 4457">
     <span class='ocr_line' id='line_1_43' title="bbox 293 4376 1344 4457; baseline -0.006 -27"><span class='ocrx_word' id='word_1_395' title='bbox 293 4396 318 4444; x_wconf 87' lang='lat' dir='ltr'><strong>p.</strong></span> <span class='ocrx_word' id='word_1_396' title='bbox 332 4379 397 4430; x_wconf 79' lang='lat' dir='ltr'><strong>cciii.</strong></span> <span class='ocrx_word' id='word_1_397' title='bbox 767 4395 859 4445; x_wconf 86' lang='lat' dir='ltr'><strong>money</strong></span> <span class='ocrx_word' id='word_1_398' title='bbox 882 4386 909 4431; x_wconf 86' lang='lat' dir='ltr'><strong>tc</strong></span> <span class='ocrx_word' id='word_1_399' title='bbox 929 4380 1039 4457; x_wconf 84' lang='lat' dir='ltr'><strong>provinci</strong></span> <span class='ocrx_word' id='word_1_400' title='bbox 1079 4416 1086 4439; x_wconf 90' lang='lat'>‚</span> <span class='ocrx_word' id='word_1_401' title='bbox 1106 4378 1193 4442; x_wconf 83' lang='lat' dir='ltr'><strong>passed</strong></span> <span class='ocrx_word' id='word_1_402' title='bbox 1215 4379 1262 4425; x_wconf 86' lang='lat'><strong>686</strong></span> <span class='ocrx_word' id='word_1_403' title='bbox 1281 4376 1344 4439; x_wconf 79' lang='grc'><strong>(68).</strong></span> 
     </span>
    </p>
   </div>
   <div class='ocr_carea' id='block_1_5' title="bbox 0 0 1581 5109">
    <p class='ocr_par' dir='ltr' id='par_1_5' title="bbox 0 0 1581 5109">
     <span class='ocr_line' id='line_1_44' title="bbox 0 0 1581 5109; baseline 0 0"><span class='ocrx_word' id='word_1_404' title='bbox 0 0 1581 5109; x_wconf 95' lang='lat' dir='ltr'><strong> </strong></span> 
     </span>
    </p>
   </div>
  </div>
 </body>
</html>
