3150 5109
369 480 642 549 serarum,
667 482 789 567 (snm
813 482 893 551 XV.
916 479 962 569 l).
1200 481 1265 547 139

51 650 76 716 si
90 652 274 719 referretur
286 652 328 719 ob
343 676 396 720 ees
409 676 469 735 res,
485 675 564 741 quae
582 653 611 720 is
630 656 741 721 oonsul
758 655 795 722 in
815 654 895 722 urbe
910 655 1067 743 gessisset.
1111 654 1166 723 Tu
1178 655 1266 721 idem

52 754 130 821 mihi
153 757 428 844 supplicationem
450 757 618 824 decrevisti
638 762 761 845 togato,
787 782 855 826 non
876 762 915 825 ut
936 759 1058 840 multis,
1080 780 1115 825 re
1137 759 1268 842 publiea

52 857 130 924 bene
144 865 254 945 gesta,
269 861 336 942 sed,
351 864 390 927 ut
403 861 538 939 nemini,
554 861 719 948 republica
741 866 937 929 conservata.
984 864 1036 928 12.
1058 862 1160 929 Mitto
1176 863 1264 949 quod

53 962 225 1045 invidiam,
240 966 328 1051 quod
341 966 493 1050 pericula,
504 967 710 1052 quodomnes
723 988 812 1033 meas
823 970 1029 1053 tempestates
1043 970 1076 1035 et
1086 965 1222 1033 subieris
1233 969 1267 1033 et

52 1066 153 1132 multo
173 1067 278 1135 etiam
292 1069 408 1155 magis,
429 1068 457 1135 si
478 1092 536 1156 per
552 1092 605 1136 me
619 1070 770 1150 liouisset,
792 1069 899 1136 subire
918 1070 1139 1157 paratissimus
1154 1070 1265 1153 fueris,

53 1170 136 1254 quod
147 1171 294 1259 denique
304 1172 473 1238 inimioum
488 1195 598 1239 meum
611 1176 704 1240 tuum
720 1174 889 1240 inimioum
903 1174 1045 1260 putaris:
1061 1174 1152 1240 ouius
1167 1152 1283 1241 etiamb

53 1273 236 1357 interitum,
259 1283 296 1341 at
313 1276 409 1342 iaoile
425 1276 649 1364 intellegerem
665 1275 749 1343 mihi
770 1281 930 1367 quantum
946 1276 1113 1359 tribueres,
1129 1276 1266 1344 Milonis

55 1378 148 1443 eausa
157 1374 197 1444 in
213 1384 331 1446 senatu
345 1378 558 1447 defendendis
566 1379 762 1468 approbaris.
807 1379 842 1446 A
855 1403 908 1447 me
923 1383 1032 1447 autem
1048 1379 1127 1447 haee
1141 1387 1217 1446 sunt
1231 1386 1265 1446 ta

55 1487 81 1543 te
92 1480 253 1567 profesta,
269 1505 352 1570 quae
368 1506 429 1571 ego
447 1485 484 1549 in
504 1483 650 1550 beneficii
672 1484 742 1551 looo
761 1507 829 1551 non
850 1507 947 1573 pono,
970 1483 1076 1551 sedin
1091 1485 1159 1551 veri
1173 1485 1264 1552 testi·

55 1586 151 1651 monii
166 1591 268 1673 atque
285 1587 409 1668 iudioii,
435 1592 473 1654 ut
498 1576 789 1674 praestantissimas
810 1593 885 1655 tuas
903 1589 1039 1655 virtutes
1058 1611 1125 1655 non
1147 1587 1266 1654 taeitus

55 1688 349 1776 admirarer-quis
372 1691 460 1758 enim
488 1714 555 1758 non
583 1692 787 1758 faeitt—sed
810 1692 846 1758 in
875 1692 1025 1759 omnibus
1053 1691 1263 1770 orationibus,

56 1793 224 1859 sententiis
234 1794 389 1874 dioendis,
399 1795 502 1862 oausis
516 1797 661 1883 agendis,
677 1795 828 1862 omnibus
841 1795 976 1882 seriptis,
987 1794 1117 1862 Graecis
1124 1794 1264 1877 Latinis,

57 1896 140 1961 omni
155 1897 299 1985 denique
314 1899 470 1965 varietate
495 1898 678 1966 litterarum
699 1922 855 1980 mearum,
876 1903 987 1965 tenore
1008 1900 1104 1965 modo
1118 1899 1169 1980 iis,
1185 1920 1267 1985 quos

58 1999 256 2080 vidissemus,
280 2002 338 2068 sed
363 2003 415 2082 iis,
443 2001 626 2089 dequibus
651 2004 859 2084 audissemus,
887 2002 1036 2069 omnibus
1060 2003 1265 2070 anteferrem.

60 2103 106 2168 13.
130 2101 278 2175 Quaeres
291 2106 427 2172 fortasse
454 2107 533 2192 quid
555 2106 598 2173 sit
623 2108 711 2194 quod
735 2106 880 2194 ego<hoo
900 2107 1006 2173 neseio
1026 2106 1266 2194 quidygratula-

59 2205 151 2273 tionis
180 2213 217 2274 et
242 2208 373 2275 honoris
403 2231 423 2275 a
452 2215 567 2277 senatu
595 2210 682 2277 tanti
706 2211 883 2277 aestimem.
927 2209 1039 2298 Agam
1064 2211 1129 2277 iam
1158 2214 1267 2277 teoum

60 2308 271 2394 familiariter,
289 2316 328 2378 ut
350 2317 398 2380 est
422 2317 456 2380 et
478 2314 594 2379 studiis
615 2318 649 2380 et
674 2313 785 2380 offioiis
810 2314 927 2380 nostris
948 2313 1071 2380 mutuis
1087 2318 1121 2380 et
1140 2336 1268 2379 summa

61 2413 197 2480 amicitia
213 2416 354 2503 dignum
368 2419 401 2483 et
415 2418 650 2484 necessitudine
664 2418 762 2484 etiem
776 2422 920 2505 paterna.
966 2416 1003 2484 Si
1016 2417 1187 2504 quisquam
1201 2416 1268 2483 fuit

62 2538 212 2603 umquam
227 2523 369 2586 remotus
383 2524 415 2586 et
431 2524 549 2587 natura
563 2524 597 2586 et
610 2521 715 2607 magis
729 2521 838 2602 etiam,
853 2525 892 2587 ut
905 2521 987 2588 mihi
1002 2522 1134 2608 quidem
1147 2520 1268 2587 sentire

63 2620 175 2703 videor,
190 2624 320 2690 ratione
334 2628 434 2710 atque
448 2625 595 2690 dootrina
616 2623 658 2692 ab
672 2625 763 2691 inani
782 2625 880 2691 laude
901 2629 936 2691 et
949 2623 1150 2691 sermonibus
1163 2624 1266 2711 urigi,

63 2745 116 2809 ego
129 2725 277 2811 profesto
290 2727 319 2793 is
338 2748 419 2793 sum.
465 2726 571 2793 Testis
594 2731 643 2794 est
662 2728 846 2794 consulatus
863 2749 965 2811 meus,
985 2729 1021 2793 in
1038 2749 1113 2814 quo,
1134 2727 1216 2793 siout
1229 2727 1267 2792 in

63 2826 179 2913 reliqua
192 2829 275 2910 vita,
289 2829 396 2897 fateor
418 2853 456 2897 ea
476 2853 529 2897 me
551 2833 693 2899 studiose
714 2837 871 2914 secutum,
886 2854 927 2899 ex
941 2830 1058 2919 quibus
1071 2853 1148 2899 vera
1161 2830 1267 2918 gloria

64 2933 142 2997 nasei
156 2939 275 3019 posset,
290 2934 394 3020 ipsam
408 2935 539 3021 quidem
555 2935 694 3023 gloriam
712 2959 771 3024 per
793 2959 827 3003 se
848 2958 1026 3023 numquam
1041 2934 1155 3021 putavi
1169 2956 1265 3021 expe-

64 3036 196 3103 tendam.
245 3037 363 3124 Itaque
392 3044 427 3105 et
455 3038 655 3127 provinoiam
683 3044 831 3107 ornatam
859 3045 892 3107 et
920 3062 1010 3127 spem
1038 3060 1106 3105 non
1131 3039 1265 3106 dubiem

166 3257 173 3269 ¹
199 3257 206 3268 '
567 3260 573 3271 ⁶
617 3260 623 3272 ⁴
727 3277 733 3289 .
868 3259 875 3285 i
1199 3275 1206 3287 ι

65 3256 635 3387 ffiz‘tfffittntfifflbd
683 3257 1263 3385 bidretetelltztttttltbsa

65 3399 88 3433 u
104 3388 193 3448 oonsul,
218 3388 262 3438 did
285 3389 330 3438 the
353 3388 422 3438 State
439 3388 468 3440 in
486 3389 635 3454 advooating
682 3390 792 3440 thatthe
803 3389 974 3454 ellipseisnoa
996 3390 1093 3451 dicam).

66 3448 163 3502 Cioero’s
172 3452 260 3503 recall.
718 3459 756 3504 13.
768 3457 864 3505 bonoria
875 3471 890 3504 a
901 3460 984 3503 mnata
1024 3451 1264 3503 Twosubstnutives

96 3518 212 3567 12.st
222 3516 402 3585 merebere]
424 3516 634 3569 Itisreretofind
683 3536 729 3569 eon
740 3520 770 3570 be
781 3520 868 3570 united
883 3519 919 3584 by
933 3535 949 3569 a
964 3517 1115 3582 proposition
1130 3516 1238 3567 without
1248 3533 1265 3567 a

66 3576 102 3628 the
115 3582 178 3648 subj.
196 3582 266 3631 after
281 3581 332 3632 this
350 3584 426 3646 quod:
440 3583 485 3633 the
500 3583 635 3634 indicative
683 3584 820 3648 participle,
850 3583 924 3634 when
945 3583 988 3633 the
1009 3583 1100 3633 second
1125 3581 1196 3659 gives
1219 3583 1263 3633 the

66 3641 142 3696 isne
161 3647 282 3712 ordinary
298 3648 484 3699 oonsuuation:
512 3664 551 3713 ep.
576 3647 633 3698 Clu.
682 3649 762 3713 origin
784 3649 814 3700 oi
831 3648 875 3698 the
893 3649 963 3698 first:
988 3663 1027 3711 ep.
1051 3645 1108 3697 Lir.
1130 3663 1149 3697 1.
1169 3650 1210 3710 21,
1231 3649 1263 3709 83

68 3710 115 3758 na.
682 3714 773 3763 mir.
788 3717 826 3775 lo,
841 3718 870 3771 4;
890 3712 969 3762 xxxii.
983 3716 1023 3772 ae,
1037 3715 1062 3761 e.

94 3775 187 3825 istem
217 3792 289 3826 eam
309 3814 317 3827 .
337 3814 345 3827 .
366 3814 373 3827 .
391 3775 550 3843 defendenda]
593 3793 633 3841 op.
715 3785 738 3827 et
749 3782 871 3828 studitaet
882 3780 963 3840 officiis
973 3779 1062 3826 nostrie
1073 3776 1176 3843 moute]
1200 3778 1263 3827 ‘our

66 3838 174 3891 bouus
191 3841 221 3891 in
236 3841 293 3891 Mil.
305 3858 332 3906 p.
345 3844 385 3904 53,
401 3844 455 3904 0r.,
472 3843 581 3892 Fummt
591 3844 635 3906 qui
683 3859 796 3894 common
806 3844 920 3893 interests
931 3843 980 3892 and
990 3841 1090 3891 dutiae!

68 3905 172 3954 credam
188 3908 230 3956 Π.
253 3909 351 3956 wenta
375 3911 493 3957 unientis
512 3923 565 3957 eum
586 3909 633 3973 (so.
715 3911 885 3957 necessitudine
895 3911 968 3957 ettam
976 3904 1093 3972 patarea]
1129 3904 1262 3957 ‘theolose

69 3967 178 4035 litem)
190 3987 239 4020 me
249 3972 390 4021 absolutum.
682 3971 803 4037 intimacy
814 3978 856 4023 too
866 3972 894 4023 of
904 3988 950 4023 our
959 3971 1074 4022 famem!

95 4034 158 4101 inte]
190 4035 241 4085 We
249 4034 636 4087 hareaddedthesewordsafter
716 4040 877 4100 &quisquam
889 4074 896 4087 .
910 4074 917 4087 .
930 4073 936 4086 .
945 4038 1053 4101 proferto
1064 4034 1160 4111 iseum]
1200 4033 1263 4085 This

70 4092 142 4162 Kleyn
151 4102 200 4151 end
211 4101 299 4151 Wes.:
317 4117 357 4166 op.
373 4101 533 4164 Fam.ifi.1,
548 4105 570 4163 1,
583 4101 632 4165 Ep.
683 4101 770 4166 ranity
781 4102 803 4151 is
813 4103 867 4165 just
877 4102 920 4152 the
931 4118 978 4152 one
988 4102 1055 4151 iault
1065 4101 1094 4150 of
1105 4100 1187 4151 whroh
1198 4115 1263 4150 even

68 4159 166 4225 dmm
183 4182 210 4215 r.
223 4167 249 4228 ὁ,
263 4168 288 4215 2.
682 4166 722 4217 his
733 4172 848 4217 warmest
858 4166 975 4217 admirere
986 4182 1027 4217 are
1038 4165 1129 4216 unable
1139 4170 1166 4216 to
1176 4163 1263 4229 aequit

72 4287 77 4298 .
95 4233 243 4280 mstis..
258 4231 384 4296 agadii]
399 4229 634 4296 ‘whetherlspeak
683 4231 778 4282 Cioero.

71 4292 140 4342 utho
149 4303 233 4346 senate
244 4310 273 4346 or
282 4296 355 4360 plead
365 4302 392 4347 at
401 4296 445 4346 the
455 4297 519 4347 bar!
714 4298 808 4346 ratione
832 4302 856 4345 et
882 4294 1001 4362 doctrina]
1038 4299 1096 4361 ‘my
1122 4308 1209 4353 oourse
1235 4292 1265 4344 ot

96 4373 136 4406 m
151 4362 216 4410 nodo
231 4398 238 4411 .
256 4397 263 4409 .
282 4397 289 4410 .
308 4361 466 4429 aramue]
502 4361 634 4411 ‘Whena
682 4361 791 4424 thought
800 4361 850 4410 and
860 4361 955 4426 study.'

70 4422 186 4475 hudtion
200 4426 267 4475 irem
278 4432 375 4490 greater
384 4432 411 4476 to
425 4426 501 4476 lesser
515 4426 601 4490 things
611 4425 634 4476 is
713 4428 820 4488 gloriam
827 4442 873 4487 per
882 4425 917 4493 se]
953 4424 1048 4490 ‘pratae
1055 4422 1162 4474 without
1167 4421 1261 4486 merit,'

72 4485 131 4537 tube
145 4491 634 4556 expressedweuauallyflndnenmodo
685 4491 877 4555 ‘merepraise.'

130 4555 388 4607 ndwithoutettam:
405 4572 444 4620 op.
460 4555 522 4621 Leg.
543 4554 632 4606 Manil.
711 4558 862 4618 provinciam
871 4552 992 4621 metm]
1017 4549 1264 4617 aetlalliaciterior,
