3150 5109
447 426 555 493 0011.
581 425 697 509 (Aur.
728 427 765 493 V.
788 426 855 511 m).
1215 429 1259 493 47

67 600 170 669 Gallus
183 605 291 667 noster
307 599 474 680 Caninius,
494 599 715 684 profioiseebar
733 601 810 666 inde
830 601 934 687 pridie
955 600 1070 667 Nonas
1085 599 1260 681 Quintiles,

66 728 130 771 eum
143 704 202 771 hoo
216 706 258 770 ad
271 708 305 770 te
326 704 509 769 litterarum
525 703 610 769 dedi.
655 702 731 769 Tibi
745 727 819 770 oum
841 705 950 770 omnia
963 727 1035 770 meu
1057 705 1260 770 oommenda-

68 809 180 875 tissima
190 829 256 874 esee
268 808 361 893 oupio
372 812 443 873 tum
458 806 543 872 nihil
556 806 662 893 magis
673 829 770 892 quam
781 830 824 873 ne
835 811 963 894 tempus
973 808 1067 874 nobis
1077 808 1261 894 provinciae

68 918 266 998 prorogetur:
289 911 326 977 in
340 934 377 979 eo
398 911 481 976 mihi
503 914 580 974 sunt
602 910 721 976 omnia.
767 909 865 981 Quod
888 912 1017 997 quando
1031 915 1065 977 et
1086 934 1151 997 quo
1165 914 1261 978 modo

65 1020 95 1082 et
107 1039 159 1103 per
171 1039 252 1102 quos
265 1016 429 1102 agendum
442 1016 485 1081 sit
498 1019 537 1081 tu
551 1014 672 1101 optimo
685 1013 870 1081 eonstitues.

314 1444 417 1511 oon.
463 1443 522 1511 ro
544 1443 746 1513 nemone
770 1446 866 1531 (ιιι.
890 1469 923 1512 v.
950 1450 1005 1531 ιι).

355 1656 386 1698 s.
403 1655 436 1699 u.
453 1655 481 1699 c.
499 1652 568 1713 7033
586 1656 617 1699 n.
635 1655 662 1700 c.
679 1654 729 1714 613
747 1656 822 1700 sur.
839 1656 900 1700 ore.
917 1655 960 1702 es.

108 1840 142 1890 ll.
155 1840 241 1891 Cieero
252 1839 337 1890 Attiou
352 1837 453 1902 exponit
467 1839 498 1888 de
510 1838 629 1890 molestiis
645 1855 730 1889 cursus
744 1838 863 1889 maritimi
879 1838 985 1890 Athenis
998 1838 1090 1890 Delum
1103 1839 1218 1902 oonieeti,
1233 1841 1265 1891 de

67 1921 171 1972 limile
185 1923 216 1973 de
227 1921 324 1971 ambitu
334 1936 384 1980 reo,
397 1921 427 1970 de
443 1920 590 1984 exspectatis
600 1920 678 1971 Attici
689 1920 787 1982 litteris,
801 1922 831 1971 de
842 1922 915 1972 rebus
929 1921 1038 1984 urbanis,
1051 1923 1082 1971 de
1096 1922 1202 1987 nogotiis
1212 1923 1265 1973 suis

69 2002 181 2055 Romanis.
217 2002 316 2067 Scripta
326 2001 429 2066 epistola
439 2006 478 2051 est
488 2001 515 2050 in
526 2001 588 2052 mari
599 2003 630 2052 od
642 2001 733 2053 Delum
743 2003 859 2054 insulam.

463 2218 596 2274 CICERO
614 2217 754 2274 ATTICO
773 2218 850 2273 SAL.

126 2347 153 2410 l.
175 2343 359 2430 Negotium
376 2363 534 2429 magnum
555 2346 604 2409 est
623 2343 778 2430 navigare
801 2347 898 2428 utque
915 2343 951 2409 id
969 2365 1079 2408 mense
1094 2342 1263 2414 Quinctili.

68 2447 156 2515 Sexto
178 2448 233 2514 die
256 2445 378 2512 Delum
403 2445 544 2512 Athonis
569 2446 727 2512 venimus.
773 2445 885 2511 Pridie
914 2445 1031 2511 Nonas
1059 2444 1217 2517 Quinotil.
1245 2469 1265 2512 a

69 2550 189 2618 Piraeeo
203 2551 249 2616 ad
268 2549 411 2630 Zostera,
430 2553 527 2615 vento
548 2550 693 2631 molesto,
709 2550 766 2636 qui
790 2572 849 2614 nos
870 2548 992 2615 ibidem
1014 2548 1120 2616 Nonis
1146 2550 1264 2616 tenuit.

69 2657 105 2720 h
120 2657 149 2721 d.
164 2676 243 2720 vm.
260 2652 342 2719 Idus
357 2653 399 2718 ad
419 2652 484 2719 Ceo
499 2653 647 2720 iuounde.
692 2653 777 2720 Inde
794 2652 941 2738 Gyarum
963 2674 1056 2719 saevo
1076 2656 1183 2732 vento,
1198 2676 1266 2719 non

68 2760 208 2826 adverso:
233 2757 310 2823 hino
332 2756 463 2843 Syrum,
479 2757 556 2823 inde
576 2757 708 2839 Delum,
723 2762 861 2843 utroque
885 2756 979 2822 eitius
993 2778 1092 2842 quam
1111 2757 1267 2824 vellemus

97 2981 266 3029 dsttmnester
279 2976 407 3042 Caninius]
432 2974 516 3026 When
524 2977 634 3041 thepre·
718 2982 799 3028 omnia
816 2994 868 3028 nuo
884 2977 1123 3044 commendatissima]
1155 2978 1186 3028 ‘I
1202 2978 1267 3042 hope

69 3059 147 3094 nomen
156 3045 178 3094 is
187 3043 238 3094 leit
247 3047 293 3092 out
307 3040 401 3105 (which
412 3057 463 3090 was
473 3041 598 3092 universal
609 3043 636 3091 in
686 3044 720 3093 all
730 3061 773 3108 my
781 3044 864 3094 orders
874 3048 940 3093 meet
947 3043 1010 3093 with
1021 3059 1085 3108 your
1092 3049 1156 3094 most
1172 3044 1267 3094 eareful

69 3109 236 3169 immmation,
258 3108 308 3156 and
328 3106 356 3155 in
377 3105 480 3169 writing
497 3113 636 3172 mammary
686 3108 828 3159 attention!

68 3173 245 3224 afterssaesar's
254 3172 335 3232 time),
345 3171 475 3233 itappears
485 3170 541 3221 that
552 3171 637 3222 Cicero
718 3180 741 3222 et
752 3171 878 3239 perquor]
911 3174 946 3223 Et
961 3172 1024 3222 with
1039 3171 1083 3222 the
1096 3172 1145 3222 last
1159 3174 1268 3224 member

69 3235 637 3304 elmostalways‚bothinhisspeeoheseswell
687 3238 746 3302 only
768 3238 797 3288 of
823 3254 856 3287 an
881 3237 1058 3297 enumeration‚
1082 3243 1126 3301 yet
1146 3238 1209 3288 with
1233 3255 1268 3287 no

70 3319 92 3352 as
104 3305 128 3353 in
138 3305 177 3353 his
187 3305 283 3362 letters,
295 3306 354 3366 puts
367 3300 411 3351 the
421 3317 542 3363 coyaomm
553 3301 637 3351 before
687 3302 778 3366 special
786 3302 908 3366 emphasis
919 3319 952 3352 on
962 3303 1018 3351 that
1034 3303 1150 3363 member,
1163 3318 1242 3353 seems
1252 3321 1268 3353 a

70 3368 107 3417 the
125 3385 213 3427 men,
236 3382 294 3430 eg.
314 3366 406 3415 Battus
425 3367 556 3426 cornelios,
581 3367 635 3416 Ate.
687 3368 758 3418 mark
768 3367 797 3418 of
806 3368 849 3417 the
860 3367 993 3431 epistolar-y
1004 3367 1083 3431 style:
1096 3367 1150 3417 Att.
1160 3366 1179 3416 i.
1190 3372 1230 3429 20,
1243 3373 1265 3428 1,

70 3433 116 3481 viii.
138 3435 176 3483 rt.
202 3436 233 3491 3ς
263 3431 350 3481 Alata
376 3431 503 3489 Servilius,
530 3430 587 3480 Mil.
611 3433 636 3480 8.
688 3431 1038 3497 Ep.xxvi.;Fan1.xvi.ll,
1054 3430 1266 3497 33alsoDriger‚

75 3498 140 3558 Vespa
151 3498 285 3555 naeuius,
300 3495 338 3545 De
348 3493 416 3544 Orat.
426 3494 454 3544 ii.
466 3498 523 3545 253.
550 3495 639 3546 (laem
688 3498 717 3547 ii.
729 3513 755 3561 p.
769 3501 793 3546 3.
829 3496 879 3547 For
893 3505 963 3558 atque
977 3496 1098 3561 similarly
1108 3497 1169 3546 used
1183 3498 1210 3546 in
1224 3496 1269 3547 the

69 3562 152 3627 always
171 3569 232 3626 puts
253 3560 297 3610 the
318 3576 401 3608 nomen
417 3559 502 3609 before
520 3560 564 3610 the
585 3577 637 3623 coy-
690 3560 1060 3622 eomiedramaandinletters,
1075 3560 1227 3626 seelln'iger,
1238 3562 1267 3612 ii.

71 3643 159 3684 nomm
175 3628 223 3677 but
237 3625 281 3675 the
295 3625 366 3674 order
381 3623 403 3673 is
417 3625 502 3674 varied
531 3625 584 3675 uite
598 3641 637 3674 ar·
690 3644 715 3691 p.
729 3630 770 3677 td.

70 3690 172 3756 hiunny
188 3692 217 3741 in
237 3690 344 3749 Hamae,
362 3688 436 3753 Livy,
455 3690 504 3738 und
544 3690 638 3739 adua:
769 3700 771 3702 ’

70 3756 99 3804 ei.
115 3756 267 3819 marquardo,
286 3754 445 3815 Privatlehsn,
464 3770 490 3817 p.
503 3757 526 3813 9,
544 3760 603 3804 note
614 3757 639 3804 2.
726 3760 748 3805 l.
766 3754 897 3820 neyotium]
939 3754 978 3803 ‘A
999 3753 1068 3818 pieoe
1089 3754 1118 3805 of
1135 3756 1267 3817 business,'

72 3820 146 3871 Gallus
156 3820 278 3872 Caninius
288 3835 340 3869 vas
350 3824 492 3882 propraetor
504 3818 532 3868 οι
547 3818 642 3868 Achaia
691 3820 741 3870 like
750 3818 831 3869 Greek
843 3819 931 3883 ἔργοις
944 3819 1082 3870 sometimes
1089 3819 1208 3873 itisused
1218 3821 1270 3871 like

72 3885 146 3936 intua
158 3888 209 3950 (52,
224 3901 250 3934 n.
259 3884 296 3949 o.)
692 3884 774 3934 Greek
784 3888 876 3948 χρῆμα,
888 3900 915 3933 aa
930 3883 1031 3934 Teucris
1044 3885 1066 3934 is
1083 3880 1162 3936 called
1180 3889 1270 3936 lentum

96 3948 268 4015 proficiscebar]
289 3948 639 4012 Notetbeepistolarytenses,
691 3952 819 4013 nepotum,
844 3953 875 3998 ‘a
891 3949 952 3998 slew
969 3949 1062 4008 ruauh)
1083 3951 1137 4001 Att.
1158 3951 1177 4001 i.
1198 3954 1235 4009 12,
1255 3955 1266 4000 l

74 4013 255 4079 ‘Hrvingbeen
271 4014 280 4077 (
282 4014 397 4078 soteremt
414 4012 512 4077 exaedy
525 4019 568 4063 ten
579 4014 640 4077 days
693 4015 741 4078 Ep.
761 4013 833 4073 xvii;
858 4029 897 4076 ep.
921 4013 1092 4064 dauhtar.
1114 4019 1153 4075 18,
1174 4020 1198 4077 4,
1219 4015 1268 4079 Ep.

72 4086 94 4127 tt
110 4080 209 4142 Athens,
233 4078 308 4129 Iam
326 4094 383 4127 now
436 4078 441 4088 “
461 4083 523 4141 gtu
541 4083 579 4127 set
596 4083 641 4126 out
691 4077 808 4138 eexviii.;
827 4078 859 4135 Q.
873 4078 915 4127 Fr.
928 4078 956 4128 ii.
971 4082 1043 4140 11,4,
1057 4078 1104 4142 Ep.
1117 4096 1209 4130 cmv.

72 4144 248 4209 (proficientur)
274 4143 349 4193 when
370 4142 384 4191 1
402 4093 470 4191 hbeo
494 4142 642 4205 despatched
725 4142 833 4219 Zostera]
866 4143 953 4193 Zoster
970 4159 1022 4193 was
1038 4160 1053 4192 a
1070 4150 1229 4210 promontory
1243 4144 1271 4195 oi

74 4210 135 4272 (dedi)
147 4210 197 4260 this
208 4224 279 4271 serap
290 4207 319 4257 oi
328 4223 344 4256 a
353 4207 427 4256 letter
436 4213 463 4256 to
474 4207 543 4272 you.’
574 4206 642 4256 Such
692 4207 784 4268 Attica,
797 4207 861 4257 mth
871 4223 887 4257 a
897 4214 966 4257 town
976 4209 1026 4257 and
1040 4208 1156 4271 harbour,
1169 4224 1226 4259 now
1239 4209 1268 4260 G.

72 4288 140 4323 mems
153 4274 196 4325 the
210 4272 356 4323 distinction
366 4273 478 4321 between
490 4272 534 4319 aaa
546 4273 642 4319 litteras
692 4273 838 4323 Iambarda.

73 4338 114 4387 and
128 4340 169 4388 tot
186 4342 334 4388 metrorum,
368 4337 418 4386 For
432 4339 490 4398 ipat,
509 4336 639 4401 ‘exaetly,'
726 4339 767 4387 wo
823 4361 844 4381 =
872 4335 933 4397 Κέω,
959 4337 1002 4387 the
1029 4353 1110 4388 sonus.
1138 4337 1167 4388 of
1194 4338 1269 4397 ittae,

75 4403 268 4462 withnnmerals,
281 4418 320 4466 ep.
333 4401 388 4452 Ate.
396 4418 434 4452 ιιι
445 4400 543 4464 21,Ερ.
552 4401 639 4459 lxm
692 4417 750 4453 aeoo
781 4402 823 4467 'ng
838 4408 865 4452 to
883 4402 927 4453 the
941 4402 1062 4453 so·oalled
1081 4401 1149 4454 Attio
1171 4402 1270 4454 deolen·

73 4480 94 4514 ι.
107 4472 177 4532 11,4,
190 4469 239 4532 Ep.
253 4483 309 4525 oo.;
327 4466 363 4516 vi.
376 4468 401 4516 8.
414 4471 438 4527 4,
451 4466 500 4530 Ep.
513 4465 621 4516 oelmi.
693 4467 756 4519 sion.
