3150 5109
243 467 284 532 18
593 465 821 534 onxxxe.
846 466 962 550 (Ars.
993 465 1031 534 V.
1056 467 1099 552 a).

241 641 340 706 velim
361 641 396 706 in
419 641 569 707 maximis
593 640 690 708 rebus
711 644 745 707 et
770 639 913 707 maxime
934 640 1119 708 necessariis
1140 640 1267 721 habeas,
1292 646 1339 722 ut,
1362 640 1454 729 quod

241 749 371 812 auctore
391 750 426 812 te
446 745 530 812 velle
551 746 650 832 coepi,
678 745 826 812 adiutore
847 746 1013 833 adsequar.

445 1138 676 1207 onxxxrx.
721 1139 779 1206 ro
802 1136 1005 1205 Amicus
1029 1137 1125 1222 (Aa.
1150 1160 1182 1202 v.
1205 1140 1246 1223 ⁶).

537 1353 569 1395 Α.
586 1351 619 1396 o.
637 1351 664 1396 e.
682 1348 749 1410 7033
774 1352 805 1395 a.
822 1351 849 1394 c.
867 1348 920 1409 ⁵13
944 1348 1017 1393 aar.
1035 1349 1096 1392 c1c.
1112 1348 1154 1395 55.

289 1516 327 1566 M.
345 1515 430 1566 Cicero
445 1516 530 1567 Attico
545 1516 631 1568 scribit
645 1532 672 1568 se
688 1517 824 1567 Tarentum
840 1516 937 1567 neumae
953 1521 979 1567 et
996 1516 1080 1580 plures
1096 1515 1148 1566 dies
1159 1531 1217 1566 cum
1231 1515 1278 1567 (ln.
1290 1515 1407 1581 Pompeio
1422 1533 1455 1567 so

240 1598 362 1659 futurum,
375 1605 430 1648 tum
445 1598 475 1647 de
489 1597 628 1648 litterarum
640 1597 794 1661 commercio,
807 1614 882 1664 quam
895 1597 928 1649 ob
944 1613 996 1648 rem
1007 1596 1077 1662 cupit
1091 1601 1188 1662 tempus
1202 1598 1361 1663 profectionis
1371 1598 1451 1650 Attici

240 1695 392 1744 cognoscere.
428 1679 525 1743 Scripta
534 1679 638 1743 epistola
647 1686 685 1730 est
696 1678 807 1730 Tarenti.

654 1876 787 1931 CICERO
805 1876 939 1932 ATTICO
958 1877 1034 1932 SAL.

309 2018 337 2083 1.
361 2017 541 2084 Tarentum
562 2017 638 2083 veni
660 2038 689 2080 a.
709 2018 741 2082 d.
764 2038 821 2083 κν.
844 2015 922 2084 Kal.
945 2016 1070 2084 Iunias.
1116 2017 1214 2089 Quod
1235 2018 1449 2103 Pomptinum

241 2128 416 2189 statueram
442 2126 625 2209 exspectare
648 2121 943 2187 commodissimum
971 2121 1053 2187 duxi
1081 2120 1150 2188 dies
1176 2143 1240 2202 eos,
1262 2123 1368 2208 quoad
1392 2123 1454 2189 ille

240 2227 375 2307 veniret,
397 2249 471 2292 oum
496 2225 651 2310 Pompeio
677 2246 875 2305 oonsumere,
898 2246 999 2310 eoque
1020 2224 1136 2312 magis,
1156 2225 1244 2311 quod
1265 2226 1295 2292 ei
1317 2231 1448 2314 gratum

241 2353 309 2396 esse
322 2331 358 2396 id
372 2328 532 2408 videbam,
544 2329 601 2414 qui
615 2328 714 2394 etiam
730 2351 750 2392 a
765 2350 818 2394 me
832 2328 963 2414 petierit
977 2332 1015 2393 ut
1030 2350 1137 2395 seeum
1153 2332 1186 2394 et
1196 2330 1285 2414 apud
1299 2351 1332 2396 se
1347 2353 1448 2396 essem

242 2434 377 2500 cotidie:
400 2434 487 2519 quod
501 2432 639 2498 concessi
654 2431 804 2498 libenter.
838 2431 965 2497 Multos
980 2431 1069 2497 enim
1083 2431 1153 2498 eius
1166 2432 1345 2519 praeclaros
1359 2435 1400 2499 de
1413 2457 1453 2500 re

241 2537 370 2625 publiea
383 2558 544 2603 sermones
564 2534 729 2621 accipiam,
744 2535 888 2601 instruar
905 2534 1005 2602 etiam
1025 2535 1165 2601 consiliis
1186 2535 1311 2602 idoneis
1332 2536 1451 2604 adhoc

241 2646 387 2707 nostrum
400 2640 579 2729 negotium.
625 2641 656 2704 2.
681 2637 746 2704 Sed
765 2639 808 2704 ad
822 2642 856 2704 te
872 2637 1000 2706 brevior
1013 2638 1082 2704 iam
1096 2639 1132 2704 in
1147 2638 1314 2707 scribendo
1329 2640 1454 2727 incipio

242 2745 321 2825 fieri,
337 2743 490 2812 dubitans
504 2743 670 2809 Romaene
685 2742 728 2808 sis
747 2764 791 2807 an
804 2742 872 2808 iam
885 2743 1059 2828 profectus.
1106 2743 1204 2816 cuod
1217 2747 1328 2810 tannen
1342 2746 1449 2831 quoad

242 2847 408 2936 ignorabo,
432 2846 569 2913 scribam
594 2847 719 2933 aliquid
745 2845 856 2931 potius
877 2869 976 2932 quam
998 2848 1199 2913 committam
1220 2854 1259 2915 ut
1282 2848 1352 2929 tibi,
1376 2872 1449 2915 cum

242 2952 366 3038 possint
379 2950 473 3016 reddi
486 2973 507 3015 a
520 2972 573 3016 me
586 2950 725 3029 litterae,
740 2971 808 3014 non
822 2949 1012 3015 reddantur.
1057 2948 1129 3017 Nee
1142 2956 1253 3017 tamen
1266 2953 1331 3018 iam
1346 2951 1452 3018 habeo

242 3055 329 3141 quod
344 3058 402 3120 aut
415 3054 569 3120 mandem
581 3052 643 3120 tibi
658 3057 716 3118 aut
731 3075 871 3119 narrem.
917 3050 1076 3118 Mandavi
1090 3054 1210 3135 omnia,
1221 3077 1304 3142 quae
1319 3056 1450 3141 quidem

243 3165 291 3238 tu,
317 3162 356 3225 ut
380 3156 550 3243 polliceris,
577 3155 767 3222 exhauries:
798 3154 948 3237 narrabo,
974 3178 1047 3221 eum
1073 3155 1197 3242 aliquid
1219 3157 1344 3225 habebo
1362 3158 1448 3224 novi.

243 3262 335 3328 Illud
348 3267 458 3327 tamen
473 3282 539 3326 non
553 3259 709 3339 desinam,
724 3260 804 3325 dum
826 3260 936 3326 adesse
952 3258 1086 3345 putabo,
1101 3260 1142 3326 de
1161 3260 1306 3327 Caesaris
1320 3261 1451 3328 nomine

244 3388 368 3454 rogare,
392 3370 429 3430 ut
454 3363 637 3430 eonfeetum
662 3362 837 3449 relinquas.
881 3362 990 3429 Avide
1009 3367 1158 3449 exspecto
1180 3368 1254 3431 tuas
1273 3364 1398 3432 litteras
1418 3369 1451 3432 et

244 3469 395 3548 maxime,
417 3471 455 3533 ut
476 3466 582 3533 norim
603 3469 731 3552 tempus
752 3466 959 3552 profectionis
981 3472 1066 3534 tuae.

277 3699 335 3746 celle
355 3695 431 3762 coepi]
479 3694 578 3746 Atticus
602 3694 659 3754 hed,
682 3710 716 3744 ne
737 3695 823 3757 doubt,
875 3694 1316 3773 ristieoiCicero'sepistolnrystyle:
1330 3698 1450 3762 ep.Fem.

244 3762 375 3827 suggested
392 3767 420 3811 to
437 3760 522 3811 Cicero
537 3760 592 3810 that
608 3760 640 3810 he
656 3760 735 3825 ought
744 3766 826 3812 notto
875 3759 913 3809 iii
928 3764 949 3819 1,
960 3763 983 3815 3,
992 3759 1039 3824 Ep.
1053 3761 1162 3821 elmi.;
1176 3763 1230 3812 xiir.
1240 3765 1280 3825 57,
1294 3766 1325 3824 2;
1337 3766 1392 3813 Att.
1404 3763 1450 3813 xii.

245 3826 339 3877 romain
350 3826 377 3875 in
388 3825 492 3876 Casar's
503 3825 569 3875 dcbt.
875 3829 899 3885 6,
913 3827 943 3879 2;
965 3824 1010 3874 xii.
1025 3828 1065 3885 22,
1085 3828 1109 3875 3.
1144 3826 1177 3876 So
1195 3843 1232 3877 ma
1246 3827 1335 3878 should
1356 3834 1400 3878 not
1421 3830 1451 3879 be

874 3888 982 3939 inserted
991 3889 1076 3939 before
1091 3892 1243 3954 delectarunt,
1256 3894 1310 3944 Aa.
1322 3892 1358 3943 iv.
1373 3896 1411 3953 16,
1427 3897 1449 3954 1,

281 3961 303 4006 l.
322 3952 614 4021 dammucensem]
631 3952 825 4019 Hiaprovineial
875 3953 924 4017 Ep.
942 3953 1027 4014 cxliv,
1045 3970 1092 4005 nor
1108 3955 1224 4007 ubefore
1239 3960 1342 4007 detineat
1357 3956 1386 4007 in
1397 3961 1450 4007 stt.

244 4026 415 4086 govemmant.
875 4017 910 4068 iv.
926 4020 963 4080 15,
978 4022 1002 4080 2,
1015 4018 1063 4083 Ep.
1076 4020 1172 4071 cxliii:
1190 4038 1228 4086 ep.
1244 4039 1373 4085 numquam
1389 4025 1451 4071 mim

279 4090 303 4136 2.
321 4081 515 4150 conmitterent]
552 4082 787 4134 ‘mnthsriskoi’
878 4084 950 4132 curo
973 4087 1132 4147 detinuisset,
1159 4087 1213 4137 Att.
1236 4086 1281 4138 vii.
1306 4090 1329 4149 7,
1354 4089 1377 4150 ὁ,
1402 4087 1455 4151 ΕΡ,

276 4151 371 4218 royare]
407 4149 461 4200 The
471 4148 624 4200 omissiones
636 4148 826 4200 leischurcctc·
878 4146 992 4200 ccxcviii.
