3150 5109
264 369 330 435 286
607 362 794 430 OOXOIX.
821 360 939 446 (m.
970 361 1050 430 VII.
1074 363 1121 448 8).

263 542 327 609 tias
351 537 544 606 testimoniis
561 535 628 604 tuis
651 538 685 602 et
706 535 803 601 illum
831 534 927 602 aliter
949 558 1024 602 oum
1047 535 1120 602 aliis
1145 535 1185 601 de
1210 534 1308 602 nobis
1332 535 1494 601 looutum

264 643 445 711 audiebam.
498 640 565 708 Sed
598 661 728 726 prorsus
756 639 805 705 ita
833 661 909 720 esse,
951 643 990 705 ut
1025 639 1145 720 soribis,
1175 639 1259 705 mihi
1288 639 1489 726 persuades

265 748 382 834 Itaque
396 769 457 834 ego
471 744 549 811 isin
563 744 658 809 illum
672 765 755 824 sum
776 765 873 829 quem
893 746 932 810 tu
950 765 1003 810 me
1022 766 1089 810 esse
1104 744 1162 809 vis.
1206 744 1238 809 2.
1262 742 1369 810 Diem
1386 747 1491 808 tuum

264 874 326 939 ogo
350 873 477 937 quoque
502 872 544 916 ex
568 847 704 934 epistola
729 847 871 934 quadam
899 851 967 927 tua,
993 869 1091 933 quam
1115 846 1290 934 insipienta
1318 845 1494 913 febricula

265 955 444 1042 scripseras,
467 952 548 1019 mihi
569 955 766 1031 notaveram,
790 954 823 1016 et
845 950 1136 1018 animadverteram
1156 973 1248 1038 posse
1264 972 1326 1038 pro
1347 973 1389 1016 re
1405 955 1494 1016 nata

264 1063 298 1124 te
311 1080 378 1124 non
397 1057 599 1123 inoommode
621 1055 663 1120 ad
685 1053 793 1120 mein
812 1053 982 1121 Albanum
999 1055 1108 1120 venire
1133 1076 1185 1120 111.
1209 1053 1325 1120 Nonas
1341 1054 1489 1120 Ianuar.

264 1162 340 1242 Sed,
364 1160 478 1227 amabo
502 1165 546 1241 te,
568 1157 653 1224 nihil
666 1158 869 1225 inoommodo
891 1158 1088 1224 valetudinis
1110 1158 1232 1224 feeeris.
1277 1157 1373 1231 Quid
1394 1158 1488 1224 enim

265 1270 314 1332 est
334 1269 465 1330 tantum
487 1263 523 1329 in
545 1284 611 1329 uno
631 1265 689 1328 aut
710 1261 812 1328 altero
836 1262 918 1328 die?
962 1263 993 1327 3.
1017 1260 1223 1328 Dolabellam
1244 1262 1341 1328 video
1360 1261 1489 1327 Liviae

263 1372 458 1436 testamento
483 1389 557 1433 oum
586 1363 712 1432 duobus
741 1364 950 1432 ooheredibus
979 1387 1047 1432 esse
1072 1365 1108 1430 in
1134 1366 1261 1445 triente,
1287 1366 1347 1430 sed
1371 1364 1485 1431 iuberi

264 1477 391 1539 mutare
412 1494 542 1538 nomen.
586 1470 650 1536 Est
670 1470 838 1537 πολιτικὸν
861 1473 988 1554 σκέμμα,
1017 1474 1183 1535 reotumne
1210 1470 1254 1535 sit
1274 1469 1383 1534 nobili
1402 1470 1483 1535 ado·

264 1577 398 1643 lesoenti
412 1580 539 1642 mutare
553 1595 672 1640 nomen
686 1572 831 1639 milliaris
844 1575 1050 1639 testamento.
1081 1570 1146 1638 Sed
1160 1571 1195 1636 id
1209 1572 1484 1658 φιλοσοφώτερον

265 1679 534 1767 διευκρινήσομεν,
557 1699 632 1744 oum
652 1677 787 1743 solemus
809 1680 969 1762 quantum
988 1675 1081 1761 quasi
1094 1676 1137 1742 sit
1150 1675 1187 1740 in
1201 1676 1329 1741 trientis
1342 1676 1481 1742 triente.

269 1784 301 1848 4.
325 1783 423 1856 Quod
448 1781 571 1868 putasti
593 1780 673 1861 fore,
702 1785 741 1846 ut
769 1786 856 1859 ante,
879 1801 977 1866 quam
998 1779 1082 1845 istus
1107 1778 1259 1857 venirem,
1279 1777 1482 1866 Pompeium

265 1886 420 1965 riderem,
446 1886 571 1951 faotum
592 1888 642 1950 est
660 1885 716 1949 ita.
761 1882 853 1949 Nam
876 1904 923 1947 vu.
946 1881 1024 1948 Kal.
1045 1882 1088 1947 ad
1104 1880 1304 1948 Lavernium
1326 1905 1375 1946 me
1403 1906 1481 1949 eon·

267 1991 395 2056 seoutus
409 1992 467 2054 est.
499 1987 580 2052 Una
591 1986 741 2053 Formias
754 1987 904 2053 venimus
923 1990 957 2053 et
971 1985 1013 2053 ab
1027 1987 1107 2052 hora
1121 1991 1233 2052 ootava
1247 1986 1290 2051 ad
1303 2007 1483 2073 vesperum

267 2095 388 2157 seoreto
409 2090 559 2156 eolloeuti
584 2112 704 2156 samus.
750 2090 848 2163 Quod
872 2091 999 2177 quaeris
1018 2112 1136 2175 aequae
1156 2111 1228 2175 spes
1245 2088 1482 2176 paoifioationis

267 2195 320 2277 sit,
337 2199 495 2280 quantum
517 2192 720 2280 exPompeii
741 2193 896 2260 multost
916 2198 1063 2259 aoourato
1086 2215 1230 2259 sermone
1251 2195 1417 2278 perspexi,
1439 2217 1483 2261 ne

267 2300 418 2366 voluntas
433 2298 564 2385 quidem
579 2300 637 2363 est.
683 2296 737 2363 sis
756 2297 845 2363 enim
863 2297 1037 2378 existimat,
1058 2297 1086 2362 si
1103 2296 1159 2362 ille
1172 2296 1225 2362 vel
1239 2297 1373 2363 dimisso
1386 2320 1479 2364 exer

268 2403 336 2470 situ
350 2402 462 2470 consul
475 2401 581 2469 faetus
602 2401 655 2481 sil,
680 2404 842 2488 σύγχυσιν
864 2411 920 2478 τῆς
942 2401 1107 2478 πολιτείας
1122 2401 1200 2466 fore.
1245 2399 1359 2485 Atque
1377 2401 1479 2467 etiam

268 2510 362 2593 putet
371 2528 456 2584 eum,
469 2527 544 2571 oum
554 2504 695 2571 audierit
703 2509 816 2571 eontra
829 2526 862 2570 so
877 2504 1052 2591 diligenter
1065 2503 1182 2589 parari,
1199 2504 1405 2570 oonsulatum
1419 2505 1482 2571 hoo

268 2632 355 2675 anno
368 2609 594 2694 neglecturum
608 2629 646 2673 ao
658 2608 767 2694 potins
787 2607 964 2675 exereitum
983 2607 1246 2695 prorineiamque
1259 2610 1477 2675 retenturum

268 2711 328 2779 Sin
343 2717 452 2778 autem
466 2711 522 2777 ille
537 2710 669 2792 flueret,
683 2710 891 2779 vehementer
900 2710 1065 2778 bominem
1077 2709 1301 2778 oontemnebat
1315 2715 1350 2777 et
1365 2713 1435 2778 suis
1449 2718 1481 2779 et

268 2816 316 2882 rei
336 2814 483 2902 publioeo
504 2814 604 2902 oopiis
624 2813 815 2882 oonfidebat.
861 2814 952 2888 Quid
971 2814 1126 2901 quaeris?
1169 2814 1244 2880 Etsi
1263 2813 1347 2879 mihi
1370 2816 1483 2883 erebro

271 3019 355 3069 ‘what
365 3018 428 3069 need
439 3033 489 3068 was
500 3017 570 3067 thare
580 3016 621 3067 ior
630 3018 692 3068 such
703 3034 735 3068 an
746 3019 848 3081 empha·
898 3033 931 3069 an
941 3018 1058 3081 adoption
1073 3017 1101 3068 of
1111 3017 1154 3067 the
1169 3016 1232 3066 kind
1245 3017 1390 3069 mentioned
1400 3021 1430 3070 in
1441 3022 1483 3072 tha

267 3084 303 3135 tio
322 3083 473 3135 statement?
504 3082 599 3132 Would
620 3088 664 3132 not
682 3098 698 3132 a
714 3099 780 3133 mero
799 3085 849 3134 nod
897 3090 952 3133 text
973 3084 1016 3132 did
1037 3090 1081 3133 not
1104 3083 1202 3132 beoome
1232 3083 1359 3145 operativa
1376 3086 1419 3134 till
1441 3088 1482 3137 me

268 3149 396 3214 lromyou
408 3146 611 3198 oonrinoemel’
898 3148 973 3198 death
989 3149 1016 3198 ot
1036 3149 1080 3198 the
1101 3149 1223 3196 testatrix.
1257 3146 1343 3197 cicero
1359 3149 1481 3217 jestingly

303 3217 327 3262 2.
355 3215 426 3262 Diem
455 3211 534 3278 tuum]
584 3211 627 3261 the
654 3212 703 3277 day
730 3211 758 3263 oi
785 3227 849 3277 your
899 3229 956 3277 says
979 3213 1039 3262 itis
1060 3229 1076 3262 a
1092 3212 1203 3274 problem
1222 3211 1343 3260 intrate
1361 3217 1482 3279 polirique

267 3282 352 3341 λῆψις.
900 3280 925 3339 (a
949 3277 1041 3326 ‘sooial
1062 3277 1197 3339 problem’)
1221 3276 1334 3326 whether
1356 3294 1374 3327 a
1395 3297 1482 3345 young

297 3358 345 3404 pro
388 3358 414 3391 rs
455 3340 526 3407 nota]
581 3339 625 3390 ‘in
660 3341 704 3391 the
742 3340 847 3392 ohoum-
898 3342 972 3391 noble
992 3342 1044 3392 like
1064 3341 1193 3391 Dolabella
1213 3340 1302 3390 should
1324 3342 1425 3409 change
1443 3347 1483 3396 his

269 3406 385 3458 stmoes)
898 3422 971 3456 name
984 3412 1011 3456 to
1026 3407 1084 3456 take
1099 3407 1179 3455 under
1196 3421 1212 3455 a
1228 3404 1348 3456 woman’s
1359 3410 1424 3471 vill,
1439 3411 1480 3461 but

305 3473 368 3529 Quid
377 3472 439 3520 enim
449 3475 484 3520 eat
497 3469 603 3535 tanturn]
626 3469 711 3519 ‘what
721 3470 848 3533 greatdif·
897 3471 965 3532 adds,
988 3476 1042 3521 ‘we
1061 3471 1126 3520 shall
1141 3471 1172 3520 ba
1187 3470 1242 3520 able
1256 3475 1284 3520 to
1297 3472 1373 3522 raaoh
1386 3491 1404 3524 a
1416 3492 1482 3526 mora

269 3535 733 3599 lerenoedoesadayortwomalrel’
746 3535 845 3597 thratia,
896 3535 1017 3586 soieutifie
1034 3535 1142 3587 solution
1157 3535 1231 3584 when
1247 3551 1285 3584 we
1300 3552 1341 3586 sse
1352 3540 1425 3589 what
1440 3541 1483 3591 the

268 3601 312 3651 the
324 3600 396 3664 delay
406 3599 434 3650 ol
444 3615 460 3648 a
470 3601 519 3664 day
529 3616 557 3649 or
567 3606 618 3649 two
632 3600 660 3648 in
676 3616 740 3665 your
749 3600 848 3665 joining
897 3600 965 3650 third
976 3599 1003 3649 oi
1017 3616 1033 3650 a
1046 3600 1114 3650 third
1129 3605 1243 3649 amounts
1255 3605 1283 3650 to
1297 3600 1325 3649 in
1341 3602 1396 3653 this
1407 3607 1479 3656 ease!

269 3663 742 3727 maisoinoimportanoe31iterall‚
763 3666 848 3716 ‘what
899 3665 1028 3715 Dolabella
1043 3665 1086 3714 did
1102 3672 1146 3714 not
1162 3671 1248 3727 aooopt
1268 3665 1312 3715 the
1333 3666 1482 3734 legaoy-at

270 3729 293 3780 is
310 3729 353 3779 the
370 3728 444 3778 ralue
463 3728 491 3779 of
507 3744 522 3777 a
541 3730 590 3793 day
608 3744 636 3778 or
656 3681 743 3780 twol’
763 3731 849 3780 ‘what
898 3730 962 3780 least
971 3729 1004 3779 he
1014 3729 1056 3779 did
1067 3736 1112 3779 not
1123 3729 1217 3792 change
1227 3729 1359 3781 hisname.

270 3795 413 3858 doesaday
428 3809 456 3843 or
472 3798 523 3843 two
537 3798 640 3844 amount
656 3794 717 3844 tol’
738 3795 789 3845 'ust
798 3795 849 3844 like
932 3798 957 3844 4.
975 3810 1004 3842 aa
1019 3797 1129 3843 voluntas
1143 3797 1238 3856 quidm
1253 3794 1300 3860 sat]
1331 3796 1433 3859 thatia,
1451 3816 1482 3851 on

270 3862 331 3923 quid
351 3861 385 3907 ait
406 3860 433 3907 in
456 3860 552 3907 trientis
572 3861 656 3908 trimis
676 3858 704 3908 in
755 3874 769 3909 a
789 3865 851 3910 next
898 3858 1047 3922 thspartof
1056 3858 1196 3921 Pompeius.

270 3923 373 3975 seotion.
933 3926 974 3973 Sto
995 3926 1059 3973 enim
1079 3922 1213 3990 existimat]
1250 3923 1308 3975 ‘the
1329 3926 1436 3989 opinion
1456 3930 1484 3979 ol

305 3991 329 4038 3.
355 3991 382 4037 in
410 3985 509 4053 triante]
553 3985 683 4037 Dolabella
709 3987 773 4038 with
799 3994 852 4038 two
901 3987 1481 4053 Pompeiusisthatiftlaesarismadaoonsul,

271 4053 366 4105 ooheirs
376 4068 428 4102 uas
442 4051 532 4101 named
547 4066 574 4100 aa
590 4050 681 4102 hairto
691 4049 708 4113 l
718 4052 747 4102 of
757 4051 851 4103 Livia's
901 4068 965 4103 oven
980 4068 1013 4103 on
1029 4053 1176 4117 diabanding
1191 4052 1231 4103 his
1246 4053 1336 4116 foreas,
1348 4056 1395 4107 the
1405 4060 1483 4109 result

272 4124 358 4180 estate,
371 4134 398 4167 so
409 4117 442 4166 he
450 4116 532 4166 would
543 4115 636 4166 inhesit
646 4115 762 4231 onlgloi
772 4117 789 4178 ᾗ
799 4116 852 4178 orl
901 4117 955 4167 will
964 4117 996 4167 ba
1007 4133 1023 4167 a
1033 4134 1090 4179 eoup
1102 4119 1126 4167 d'
1139 4118 1208 4168 leat!

271 4183 300 4233 of
310 4183 353 4232 the
363 4182 444 4232 whole
460 4187 545 4241 estate¹
563 4182 612 4230 and
627 4181 671 4231 the
734 4186 790 4232 uest
801 4198 852 4232 was
930 4181 1033 4248 parari]
1069 4182 1142 4234 ‘that
1160 4183 1329 4246 pmparations
1343 4199 1388 4234 are
1405 4185 1481 4252 being

272 4247 372 4298 saddled
383 4246 446 4296 with
460 4246 504 4295 the
519 4245 644 4296 condition
655 4246 710 4296 that
738 4247 853 4297 ashould
902 4246 995 4307 made,'
1007 4264 1023 4296 a
1034 4247 1097 4310 good
1107 4246 1266 4309 explanation
1281 4246 1309 4297 of
1321 4248 1366 4298 the
1377 4251 1481 4301 abeam

273 4312 369 4377 change
379 4311 418 4360 his
429 4326 510 4371 namo,
523 4310 664 4361 whiohwas
671 4311 750 4361 ealled
757 4314 853 4373 adoptio
902 4327 947 4361 use
966 4311 1073 4362 olrerbs
1093 4312 1247 4361 commented
1263 4328 1297 4362 on
1313 4312 1342 4362 in
1359 4314 1406 4366 tha
1424 4322 1482 4368 note

272 4380 300 4425 a'n
317 4392 399 4425 nosnsa
415 4382 438 4424 et
449 4377 585 4439 saeuitiam.
618 4374 746 4425 ARoman
756 4391 854 4426 woman
902 4392 936 4427 on
948 4376 959 4441 l
973 4377 1027 4426 eof
1036 4376 1228 4427 thelastlettsr.

274 4441 396 4493 wuldnot
403 4439 689 4506 adoptthusduringher
696 4440 749 4502 lita,
757 4442 851 4501 thetis,
928 4441 1040 4508 furerat]
1074 4440 1206 4506 Pompeius
1226 4440 1337 4507 thought
1354 4440 1485 4513 ityould
