3150 5109
458 478 581 546 corr.
609 478 727 565 (arr.
759 479 796 547 r.
820 480 890 564 ra).
1234 482 1275 546 ai

91 652 245 740 Philogeni
258 652 505 739 permutationis
520 652 598 733 eius,
614 673 713 737 quam
734 656 842 718 tecum
861 652 934 732 leci,
952 653 1049 719 edidi.
1095 652 1185 740 Ergo
1200 652 1280 720 haec

90 778 198 843 qnoque
211 755 376 822 hactenus.
422 758 455 821 3.
478 755 591 822 Redeo
611 757 654 821 ad
676 754 811 822 urbana.
849 755 914 822 Per
933 756 1100 822 fortunasl
1125 756 1280 844 quoniam

92 859 198 926 Romae
210 882 332 941 manes,
346 861 490 947 primum
508 860 593 926 illud
612 859 771 946 praefulci
785 863 883 946 atque
901 859 1082 946 praemuni,
1099 882 1226 946 quaeso,
1241 866 1280 927 ut

91 964 175 1029 umus
184 965 294 1044 annui,
304 987 346 1029 ne
356 965 566 1030 intercaletur
577 965 717 1051 quidem.
742 962 871 1030 Deinde
882 961 1017 1029 exhauri
1030 966 1279 1045 meamandcta,

91 1067 286 1153 maximeque,
301 1068 330 1132 si
344 1068 423 1154 quid
437 1071 552 1154 potest,
568 1069 609 1133 de
630 1067 687 1132 illo
703 1065 878 1132 domestico
893 1067 1080 1153 scrupulum
1102 1089 1199 1153 quem
1212 1089 1280 1133 non

91 1171 213 1257 ignores
228 1170 304 1236 dein
318 1170 359 1236 de
374 1170 527 1237 Caesares
551 1171 641 1236 cuius
655 1171 691 1237 in
711 1171 922 1256 cupiditatem
936 1174 969 1236 te
988 1175 1117 1237 auctore
1136 1169 1280 1251 incubui,

91 1295 139 1339 neo
150 1296 200 1339 me
223 1274 325 1361 piget.
369 1273 470 1355 Etsi
495 1274 659 1362 intellegis
684 1297 784 1360 quem
809 1296 920 1340 meum
945 1274 988 1339 sit
1013 1274 1093 1341 scire
1115 1278 1148 1340 et
1170 1297 1281 1341 curare

91 1378 157 1463 quid
170 1378 204 1443 in
217 1401 251 1444 re
262 1376 392 1466 publiea
401 1378 561 1445 fiet—fiat
575 1380 712 1445 autem?
734 1378 834 1443 immo
844 1399 920 1444 vero
932 1378 1029 1443 etiam
1040 1379 1119 1464 quid
1133 1378 1281 1444 futurum

92 1480 131 1561 sit,
145 1482 300 1567 proscribe
322 1483 435 1547 adme
454 1482 573 1561 omnia,
589 1483 646 1548 sed
668 1481 926 1569 diligentissime,
949 1481 985 1546 in
1006 1482 1182 1568 primisque
1200 1505 1281 1548 num

92 1584 159 1669 quid
178 1585 367 1651 iudiciorum
382 1589 485 1651 status
500 1590 557 1651 aut
579 1585 739 1652 factorum
753 1589 812 1651 eut
832 1584 1017 1652 futurorum
1032 1586 1130 1651 etiam
1144 1585 1279 1652 laboret.

92 1686 132 1755 De
145 1711 235 1775 equa,
249 1689 278 1755 si
292 1712 387 1756 curae
401 1695 461 1769 est,
478 1689 507 1754 si
521 1689 600 1776 quid
615 1688 787 1776 Philippus
802 1693 888 1776 aget,
904 1689 1149 1755 animadvertes.
1176 1698 1178 1703 ’

322 2007 440 2077 cclv.
489 2008 548 2076 TO
571 2007 773 2077 ATTIOUS
798 2010 893 2095 (Arr.
918 2031 951 2073 v.
979 2011 1031 2095 14).

369 2204 400 2247 A.
417 2203 452 2247 U·
468 2203 495 2247 C.
513 2199 582 2255 7⁰3;
606 2203 637 2246 B.
654 2202 681 2246 C.
699 2202 750 2253 51;
777 2202 852 2245 AET·
870 2201 928 2245 010.
945 2199 987 2246 55.

130 2350 164 2400 Η.
176 2350 258 2402 Cicero
268 2350 353 2401 Attico
364 2367 390 2401 se
400 2350 499 2414 Epheso
509 2351 605 2401 Tralles
615 2350 756 2414 pervenisse
769 2350 864 2412 scribit,
877 2351 908 2400 de
918 2349 1053 2414 provincie,
1066 2350 1093 2399 in
1104 2366 1154 2414 qua
1164 2366 1191 2400 se
1201 2357 1284 2414 sperat

91 2431 135 2482 lore
150 2432 202 2483 Kal.
220 2432 300 2493 Sext,
318 2432 395 2483 bonos
405 2433 507 2482 nuntios
523 2448 549 2483 sc
565 2431 695 2496 accepisse,
710 2432 742 2482 de
757 2433 866 2482 adventu
882 2447 927 2482 suo
942 2431 970 2480 in
986 2432 1071 2481 Asiam
1086 2439 1112 2481 et
1127 2432 1158 2481 de
1173 2432 1246 2482 rebus
1256 2432 1285 2483 in

91 2513 201 2575 provincia
210 2514 332 2579 gerendis5
346 2514 377 2563 de
387 2513 502 2564 omnibns
514 2514 588 2565 rebus
601 2514 702 2564 urbanis
718 2514 749 2564 ab
765 2513 851 2563 Attico
861 2513 918 2563 vult
932 2513 1021 2563 certior
1031 2512 1086 2562 fieri
1096 2528 1191 2577 suaque
1200 2515 1284 2565 omnia

90 2595 270 2647 eioommendat.
306 2595 410 2660 Scripsit
421 2595 553 2646 Trallibus.

489 2759 620 2815 CICERO
638 2758 770 2815 ATTICO
789 2759 866 2813 SAL.

149 2902 175 2965 l.
195 2899 284 2966 Ante
299 2922 398 2986 quam
412 2900 521 2986 aliquo
542 2900 612 2966 loco
627 2900 808 2980 consedere,
823 2921 928 2984 neque
949 2899 1064 2985 longas
1079 2922 1099 2965 a
1112 2922 1164 2965 me
1178 2921 1283 2985 neque

92 3022 200 3088 emper
212 3026 284 3069 mea
297 3025 400 3069 manu
420 3003 546 3069 litteras
567 3003 774 3090 exspectabis.
822 3003 905 3069 Oum
927 3009 1036 3068 autem
1051 3003 1112 3069 erit
1131 3003 1282 3088 spatium,

116 3158 303 3223 mutationis]
339 3155 552 3207 ‘Isubmittedto
567 3156 650 3207 Philo·
734 3174 805 3220 quam
816 3156 947 3222 austasii]
966 3156 1283 3220 ‘whatepassionIhave

93 3235 157 3283 genes
165 3223 203 3272 the
213 3229 317 3273 account
335 3221 363 3271 of
377 3222 420 3271 the
431 3238 486 3271 sum
502 3222 516 3271 I
534 3228 578 3285 got
586 3221 653 3272 from
702 3222 743 3272 for
752 3222 871 3287 knowing
885 3221 1033 3287 everything
1044 3222 1131 3272 thetis
1141 3222 1283 3286 happening

94 3286 609 3351 ycnbynegctiatingabillofexchanga'
702 3287 877 3351 -happening
899 3288 930 3337 do
952 3287 966 3336 1
989 3289 1053 3351 say?
1078 3303 1137 3351 noy,
1158 3288 1235 3337 about
1256 3294 1282 3338 to

122 3353 143 3398 3.
159 3359 182 3399 ol
194 3357 268 3401 amas
282 3351 371 3418 annai]
405 3351 506 3401 Instead
521 3352 549 3401 of
564 3351 653 3441 saying
702 3352 861 3415 huppen-in
871 3352 955 3414 public
965 3351 1031 3401 life!
1065 3351 1138 3401 With
1151 3360 1229 3401 autem
1244 3368 1282 3417 cp·

95 3415 285 3467 ‘thetonroffiee
296 3434 354 3482 may
364 3417 484 3481 cnlylast
497 3417 563 3466 lora
591 3433 640 3475 ear,
700 3418 802 3478 probari
818 3424 905 3477 auum,
923 3419 978 3465 Att.
993 3417 1028 3465 vi.
1042 3419 1066 3477 2,
1082 3421 1104 3478 l,
1123 3416 1171 3480 Ep.
1189 3416 1279 3478 cclvi.;

94 3478 335 3546 hecarelesslywrites
349 3482 419 3532 ‘that
427 3496 554 3547 wemayo
580 3482 656 3546 ylsst
696 3484 813 3545 scabunt
834 3489 921 3541 auom,
945 3480 1005 3530 ibid.
1030 3484 1060 3541 8;
1091 3498 1166 3529 meum
1193 3490 1280 3546 auum,

94 3544 230 3609 tmayeer)
704 3547 774 3595 Fam.
787 3547 806 3596 i.
820 3550 843 3608 9,
858 3549 897 3607 10,
913 3545 961 3609 Ep.
976 3545 1037 3595 cliii.
1071 3546 1125 3595 The
1142 3549 1284 3609 expression

122 3611 257 3677 mum]
294 3627 329 3660 sc.
350 3613 419 3660 tolle:
443 3627 483 3675 cp,
507 3610 540 3672 1²,
564 3627 589 3675 p.
612 3612 652 3672 70,
703 3610 940 3661 iseommoninthe
951 3610 1028 3659 oomic
1039 3612 1132 3660 drama.

96 3671 186 3723 ‘hitch’
212 3674 362 3726 Somehitch
372 3692 450 3725 seems
460 3675 561 3726 tohcve
575 3676 656 3726 asiseu
736 3678 867 3738 ausaquid.
879 3713 886 3725 .
898 3713 904 3725 .
914 3674 1014 3740 laboret]
1029 3675 1156 3725 ‘whether
1163 3675 1282 3726 thetrials

95 3736 175 3789 iotha
188 3748 369 3805 arrangements
390 3741 466 3791 about
484 3740 591 3790 Tullia’s
609 3741 653 3790 bo·
703 3756 746 3790 are
755 3740 876 3805 breaking
886 3740 959 3789 down
974 3745 1001 3789 at
1011 3739 1060 3789 all!
1096 3741 1143 3789 See
1151 3739 1189 3801 1²,
1202 3758 1227 3805 p.
1240 3745 1282 3791 62.

94 3802 182 3852 trothsl.
211 3805 265 3856 Tm
280 3822 348 3855 earne
363 3811 453 3855 matter
468 3805 490 3854 is
506 3806 613 3855 referred
628 3811 655 3855 to
730 3806 865 3870 factorem]
878 3811 948 3868 ‘past
958 3820 986 3853 or
995 3804 1103 3855 future':
1114 3821 1153 3868 cp.
1161 3805 1246 3855 cxviii.
1257 3810 1280 3856 2.

94 3882 118 3913 es
137 3871 192 3918 aaa
215 3871 352 3935 ἐνδόμυχον
378 3871 407 3919 in
428 3870 471 3919 the
492 3877 553 3919 next
573 3870 653 3920 letter.
737 3874 759 3918 a·
782 3886 851 3920 carae
873 3869 920 3935 est]
963 3870 990 3919 It
1011 3868 1033 3919 is
1054 3876 1154 3934 strange
1175 3871 1231 3921 that
1250 3871 1283 3921 he

96 3929 191 3996 Perhaps
203 3935 245 3985 the
262 3934 344 3986 Greek
354 3935 422 3984 word
436 3934 525 3984 should
540 3937 612 3985 stand
628 3936 655 3984 in
704 3935 794 3984 should
804 3950 849 3999 say
862 3935 900 3983 ‘ii
927 3949 960 3984 ou
970 3934 1021 3984 feel
1031 3950 1082 3999 any
1092 3934 1196 3985 interest
1204 3936 1233 3984 in
1240 3936 1284 3986 the

95 3995 149 4045 both
164 3999 244 4061 placeo.
278 4000 332 4050 The
349 3999 424 4049 Latin
438 4001 507 4050 word
523 4017 581 4066 may
590 4000 655 4050 have
704 4000 813 4061 matter‚'
831 4015 860 4049 cr
878 3999 899 4029 ‘¹
929 4015 980 4064 you
996 4014 1038 4048 are
1053 4000 1183 4064 attending
1198 4006 1225 4050 to
1241 4000 1284 4050 the

96 4060 150 4110 m
167 4079 181 4112 a
196 4064 266 4126 gloss.
302 4065 336 4114 So
354 4064 536 4128 παράπηγμα
557 4065 653 4116 latai·
704 4065 811 4124 matter,'
835 4064 929 4128 having
950 4064 1028 4127 urged
1049 4063 1103 4113 him
1123 4065 1151 4112 in
1172 4064 1215 4115 the
1236 4065 1286 4115 last

95 4142 154 4175 eser
163 4127 182 4177 is
190 4130 273 4189 found,
287 4132 340 4179 Aa.
354 4147 380 4179 v.
396 4134 433 4190 14,
450 4134 471 4191 1,
485 4130 531 4192 Ep.
545 4129 618 4190 cciv,
627 4130 655 4178 in
703 4130 777 4179 letter
786 4135 814 4179 to
825 4129 894 4179 show
904 4128 1025 4179 hismael
1036 4129 1158 4194 assiduity
1172 4129 1209 4178 ‘if
1219 4145 1282 4194 any·

94 4190 183 4255 exscuy
192 4192 232 4242 the
244 4210 310 4244 same
326 4210 396 4244 sense
408 4212 436 4244 as
451 4199 544 4243 emmam
558 4198 617 4244 aaut
627 4195 654 4244 in
704 4194 778 4259 thing
794 4210 840 4243 can
856 4194 887 4244 be
903 4194 983 4244 done’
1018 4194 1128 4258 Perhaps
1144 4209 1182 4244 we
1196 4194 1285 4243 should

95 4257 341 4321 r.15,l‚Ep.ccvii.
705 4259 772 4321 read,
785 4259 887 4309 asBoot
897 4264 1018 4323 suggests,
1036 4260 1075 4308 Do
1085 4275 1148 4322 aqua
1159 4259 1204 4307 riht
1214 4274 1285 4307 ouras

122 4323 295 4389 minitere]
329 4322 425 4373 Hshas
438 4322 654 4374 hintedthatAtt.
705 4331 761 4375 cato.
798 4324 863 4381 Quid
873 4325 1262 4387 Philippasaycoasonadoeraa

94 4382 279 4450 lmdurgedhim
294 4388 509 4452 topayhisdoht
544 4388 655 4440 Henow

95 4463 154 4511 says,
175 4451 208 4500 ‘it
217 4468 266 4502 was
276 4467 327 4517 you
338 4452 394 4502 who
404 4453 481 4517 urged
491 4459 568 4503 meto
630 4459 657 4504 to
740 4458 763 4503 l.
780 4453 911 4519 consedere]
934 4452 1022 4503 ‘settle
1041 4452 1139 4502 down’:
1160 4455 1287 4502 constitere

95 4526 139 4577 pay
149 4514 195 4564 this
205 4517 268 4578 dett,
277 4518 326 4567 end
335 4516 349 4566 1
358 4533 398 4567 am
407 4525 452 4569 not
461 4532 588 4584 sorryyou
613 4518 655 4570 'd’
705 4519 728 4569 is
737 4520 798 4570 used
808 4519 837 4569 in
846 4519 890 4569 the
900 4533 967 4568 mmo
977 4532 1047 4569 sense
1056 4518 1084 4566 in
1094 4516 1144 4581 Ep.
1157 4517 1212 4569 ccii.
1218 4521 1269 4582 fla.

1108 4595 1158 4649 Ea
