3150 5109
253 407 319 472 aaa
587 406 831 475 oomxrr.
855 406 971 491 (arr.
1002 407 1060 477 Vl.
1083 407 1126 492 9).

255 579 331 652 Qua
348 602 384 646 re
401 581 442 647 de
461 579 521 647 hoo
540 581 628 647 satis.
671 580 773 668 Spero
795 580 893 663 enim,
912 604 996 669 quae
1013 584 1072 648 tua
1091 581 1267 668 prudentia
1288 583 1323 648 et
1338 582 1458 665 tempe-

253 684 361 749 rantis
385 689 444 765 est,
470 689 504 751 et
527 683 666 765 heroule,
692 689 730 752 ut
754 707 808 750 me
836 685 927 752 iubet
952 683 1102 767 Aeastus,
1127 686 1254 752 oonfido
1279 684 1401 751 teiam
1421 687 1458 750 ut

252 787 401 853 volumus
414 788 530 854 valere
574 788 606 856 2.
628 787 664 855 A
677 787 837 855 Turranio
851 792 885 855 te
905 789 1061 876 aooepisae
1078 810 1167 854 meas
1180 789 1308 855 litteras
1321 787 1457 873 gaudeo.

257 891 504 979 Παραφῦλαξον,
525 891 555 958 si
574 914 628 958 me
646 915 745 973 amaa,
771 895 830 971 τὴν
852 900 909 960 τοῦ
932 898 1073 977 paparoni
1096 891 1279 977 φιλοτιμίαν
1294 892 1456 957 οὗτότοτο.

254 993 354 1061 Hane
368 1018 452 1081 quae
470 995 651 1063 mehercule
667 996 750 1062 mihi
768 1017 889 1084 magno
910 994 1015 1062 dolori
1036 995 1229 1062 est—dilexi
1251 994 1341 1060 enim
1355 993 1456 1059 homi·

255 1120 333 1164 nem
346 1136 390 1148 —
404 1121 549 1185 procura,
592 1099 888 1186 quantulacumque
924 1104 984 1180 est,
1023 1098 1212 1166 Precianam
1245 1097 1456 1164 hereditatem

252 1224 382 1289 prorsus
395 1202 452 1268 ille
464 1224 507 1268 ne
521 1202 673 1290 attingat.
717 1201 815 1268 Diues
828 1224 978 1269 nummos
994 1203 1078 1269 mihi
1092 1225 1171 1288 opus
1186 1224 1253 1267 esse
1267 1202 1311 1268 ad
1324 1222 1455 1287 appara·

253 1311 325 1372 turn
348 1305 516 1393 triumphi,
538 1306 575 1372 in
599 1327 673 1392 quo,
699 1311 738 1371 ut
761 1306 926 1393 praeeipis,
949 1329 1008 1373 neo
1031 1328 1083 1372 me
1105 1308 1197 1374 κενὸν
1220 1306 1257 1371 iu
1280 1304 1456 1391 expetendo

254 1432 423 1496 eognosoes
436 1433 496 1476 neo
510 1410 631 1494 ἄτυφον
645 1410 681 1476 in
699 1409 890 1476 abiioiendo.
935 1413 966 1475 3.
989 1409 1146 1477 Intellexi
1159 1433 1199 1476 ex
1213 1409 1281 1475 tuis
1294 1408 1411 1474 litteris
1424 1411 1455 1473 ta

254 1536 295 1580 ex
310 1512 469 1579 Turranio
484 1514 611 1579 audisse
630 1535 651 1578 a
669 1534 722 1578 me
735 1512 935 1599 prorinoiam
949 1513 1044 1580 tratri
1058 1515 1220 1579 traditam.
1265 1512 1382 1578 Adeon
1395 1532 1455 1596 ego

253 1637 321 1682 non
349 1638 573 1704 perspexeram
601 1616 808 1702 prudentiam
837 1616 1020 1684 litterarum
1047 1618 1206 1683 tuarum?
1249 1616 1395 1704 Ἐπὲχειν
1422 1619 1455 1680 te

253 1720 423 1787 seribebas.
469 1719 646 1793 drideret
665 1718 868 1786 dubitatione
889 1722 1037 1808 dignum,
1057 1722 1085 1787 si
1103 1725 1185 1788 esset
1204 1721 1381 1806 quidquam
1399 1741 1454 1785 aur

253 1823 394 1910 plaeeret
415 1824 549 1891 fratum
576 1827 610 1889 et
631 1824 731 1889 talem
751 1824 888 1891 fruitam
908 1825 1076 1910 relinqui?
1106 1826 1270 1902 Ἀθέτησις
1292 1824 1355 1888 isia
1374 1821 1453 1887 mihi

255 1932 322 2006 tua,
337 1949 404 1993 non
419 1930 521 2015 ἐτοχὴ
534 1925 714 1992 ridebatur.
758 1925 916 1996 Manebaa
931 1930 972 1994 de
987 1927 1028 2001 Q.
1045 1926 1196 1995 Oioerone
1208 1949 1319 2014 puero,
1330 1931 1369 1991 ut
1381 1948 1451 1991 eum

253 2031 385 2117 quidem
414 2032 604 2116 neutiquam
626 2030 851 2116 relinquerem.
896 2033 1025 2117 Τούμὸν
1054 2033 1179 2114 ὄνειρον
1209 2034 1287 2113 ἐμοί.
1331 2029 1450 2095 Eadem

253 2135 372 2215 omnia,
402 2135 495 2221 quasi
522 2134 672 2200 oolloeuti
700 2157 851 2215 essemus,
876 2134 1028 2200 vidimus.
1072 2133 1151 2200 Non
1180 2134 1246 2199 init
1271 2133 1448 2198 faciendum

252 2238 358 2318 aliter,
373 2259 489 2324 meque
503 2240 668 2325 ἐτιχρονία
683 2242 785 2325 ἐτοχὴ
800 2243 859 2304 tua
880 2236 1081 2304 dubitatione
1094 2235 1253 2302 liberavit.
1298 2235 1362 2302 Sed
1374 2238 1448 2321 puto

252 2344 286 2406 te
297 2340 453 2426 aoeepissa
463 2341 504 2406 de
512 2338 573 2404 hao
583 2362 618 2405 re
629 2339 798 2426 epistolam
809 2340 960 2425 seriptum
975 2338 1164 2405 aoouratius.
1209 2340 1240 2402 4.
1264 2336 1338 2424 Ego
1351 2335 1444 2402 tabel-

252 2443 349 2509 larios
363 2447 490 2530 postero
508 2443 561 2508 die
580 2443 623 2509 ad
643 2465 700 2509 ros
721 2465 810 2510 eram
827 2444 991 2522 missurus,
1007 2464 1086 2527 quos
1106 2445 1188 2528 puto
1208 2445 1284 2507 ante
1305 2446 1445 2507 venturos

252 2568 351 2632 quam
368 2551 515 2612 nostrum
536 2544 713 2613 Saufeium.
758 2545 824 2612 Sed
837 2568 912 2613 eum
934 2546 1003 2611 sine
1018 2545 1098 2610 meis
1111 2544 1229 2611 litteris
1244 2545 1286 2610 ed
1300 2549 1333 2609 te
1345 2543 1444 2609 venire

252 2649 309 2715 vix
322 2653 445 2716 reatum
459 2653 538 2716 erat.
583 2650 614 2714 5.
637 2648 690 2715 Tu
703 2650 794 2729 mihi,
807 2654 846 2716 ut
860 2649 1030 2737 pollioeris,
1042 2650 1083 2714 de
1097 2647 1241 2714 'Iulliola
1254 2669 1336 2727 mea,
1344 2647 1378 2714 id
1389 2651 1442 2724 est,

285 2867 310 2915 2.
328 2869 374 2916 τοῦ
395 2864 516 2931 paparoni]
551 2863 636 2928 ‘keep
653 2880 687 2915 an
702 2880 753 2930 you
773 2865 831 2916 love
912 2868 1003 2918 nerlu.
1018 2905 1024 2915 .
1039 2904 1046 2915 .
1059 2865 1163 2942 tropen]
1192 2862 1441 2939 ‘ymwillmffll

252 2945 302 2991 me,
313 2929 376 2995 keep
387 2945 491 2994 yourre
531 2945 588 2981 own
599 2944 644 2994 eye
655 2930 740 2980 onthe
747 2932 830 2991 philo·
880 2931 943 2982 shall
956 2938 1001 2982 not
1015 2931 1083 2981 show
1098 2930 1198 2994 aspnr't
1212 2929 1240 2979 ot
1255 2930 1313 2995 silly
1325 2935 1403 2993 ramty
1416 2944 1441 2977 m

254 2997 392 3071 timemur
402 2994 430 3044 of
439 2995 483 3045 the
517 2995 610 3060 nready
621 2994 764 3070 lteakoner·;
780 2995 831 3071 and
898 2999 1008 3074 ..rupto
1023 3002 1067 3061 get
1078 2995 1110 3071 it,
1128 3011 1205 3085 nora
1223 2994 1295 3057 spirit
1311 2994 1338 3044 ot
1348 2992 1439 3043 inaud-

253 3060 390 3174 r'iriiff
404 3058 567 3173 ¹8⁰th
576 3058 831 3184 imiimi
878 3059 1345 3177 ltlffittelwt
1355 3061 1440 3171 titt

253 3140 458 3239 Procius-Q
471 3188 506 3238 let
516 3189 569 3238 hirn
583 3196 630 3252 put
643 3205 671 3239 so
684 3189 760 3239 muoh
773 3205 801 3240 aa
815 3206 831 3239 a
878 3190 924 3240 has
936 3191 980 3241 the
994 3191 1110 3255 meaning
1125 3190 1152 3239 oi
1169 3191 1324 3249 ἀναίσθητος,
1348 3187 1436 3261 ’ρΜοῆ-

252 3253 332 3317 finger
346 3270 379 3303 on
392 3254 420 3315 it,
433 3253 505 3302 small
519 3269 546 3302 as
560 3253 581 3302 it
591 3252 634 3302 is.’
668 3253 831 3304 Αὔτόταταὶο
878 3255 972 3317 matio)
984 3255 1029 3304 Ar.
1042 3255 1102 3304 Eth.
1114 3254 1171 3305 Nie.
1180 3254 1208 3303 ii.
1222 3256 1245 3312 7,
1256 3258 1280 3303 3.
1299 3255 1439 3302 Leatitudon

252 3333 286 3368 an
293 3319 350 3368 adv.
362 3319 458 3368 formed
465 3318 530 3367 from
539 3318 673 3369 αὐτότατος
681 3321 831 3379 ipsissimus:
878 3320 922 3371 the
932 3328 1029 3370 nearest
1040 3320 1114 3370 Latin
1125 3327 1151 3370 to
1168 3320 1322 3381 ἂναιοθητία,
1333 3317 1361 3374 0„
1372 3315 1436 3366 nrt

253 3399 292 3446 op.
306 3382 388 3433 Plaut.
401 3382 471 3432 Trin.
483 3383 517 3434 iv.
530 3386 554 3444 2,
567 3386 612 3433 146
624 3384 702 3448 (888),
713 3383 797 3433 which
808 3385 830 3436 is
879 3387 918 3444 38,
931 3384 979 3449 Ep.
991 3401 1053 3434 xxx.

253 3447 333 3498 found
348 3447 376 3496 in
392 3448 518 3510 Aristoph.
541 3447 608 3497 Plut.
627 3451 674 3508 833
698 3449 830 3513 adstupes
912 3452 936 3500 8.
953 3448 1051 3516 Adeon]
1087 3444 1436 3562 ‘didpouthinklsoutterly

255 3511 421 3562 atrdisinll
439 3512 540 3562 ioharm.
553 3513 597 3562 Fr.
610 3515 633 3572 2,
646 3513 726 3563 audit
740 3513 829 3577 ispro-
878 3513 955 3564 failed
971 3521 998 3565 to
1014 3515 1147 3564 understan
1177 3514 1220 3563 the
1234 3512 1347 3576 meaning
1361 3510 1387 3561 oi
1399 3509 1437 3559 tho

254 3576 329 3643 bably
340 3576 405 3625 irum
442 3577 484 3638 ‘rn,
501 3577 584 3627 whom
599 3577 631 3627 he
646 3577 717 3628 often
732 3588 827 3644 quotes,
879 3573 1436 3644 gurardedneesofyourletterwheuyouapoke

253 3641 309 3691 that
328 3641 413 3691 Oioero
431 3641 490 3691 here
502 3642 572 3693 tahas
585 3641 717 3693 αέντότατα.
752 3643 828 3692 simi·
878 3643 907 3694 oi
916 3660 980 3709 your
986 3645 1140 3706 philosophie
1150 3644 1232 3692 doubts
1238 3659 1250 3701 ,·
1265 3658 1315 3707 you
1325 3640 1389 3691 oould
1397 3643 1435 3688 not

253 3705 317 3770 larly
328 3721 366 3755 we
380 3705 443 3755 hare
455 3708 623 3768 Δαναύτατος,
641 3708 685 3756 Ar.
705 3707 747 3756 Fr.
764 3710 827 3768 2593
859 3708 942 3759 have
961 3709 1082 3759 heaitated
1098 3714 1125 3758 to
1142 3723 1250 3771 approve
1266 3709 1295 3757 oi
1306 3722 1347 3771 my
1364 3702 1435 3754 oboiae

253 3770 420 3835 ἑταιρότατος.
430 3770 495 3821 Plat.
505 3771 580 3835 Gorg.
590 3773 638 3822 487
648 3771 670 3821 D
680 3787 686 3832 ;
697 3771 790 3822 Phaed.
799 3775 830 3822 89
878 3773 907 3824 of
921 3790 965 3839 my
976 3774 1075 3824 brother
1090 3773 1112 3822 if
1126 3772 1196 3822 there
1211 3772 1260 3822 had
1276 3773 1335 3822 bean
1344 3786 1358 3820 a
1367 3766 1435 3831 single

253 3835 285 3884 E.
319 3834 467 3885 Philotimus
478 3836 500 3884 is
516 3836 593 3886 called
604 3838 715 3901 φυράτητ
725 3837 830 3887 because
878 3833 1432 3915 pointiniarourofhisappointmentknor·

253 3899 615 3963 heiaaaidabove(Att.vi.5,
627 3901 828 3968 l,Ep.oalxix.),
878 3919 923 3965 rng
941 3919 969 3952 as
986 3920 1024 3953 we
1043 3903 1076 3954 do
1092 3902 1160 3952 what
1178 3918 1193 3951 a
1212 3903 1261 3951 fine
1276 3901 1353 3951 fallor
1366 3897 1431 3948 haia.

253 3966 475 4079 τῶῗέςῃαίἐέἓιοτὲὶ
484 3967 587 4080 pimus.
612 3966 741 4080 definere
752 3982 831 4081 seenhrp
878 3967 934 4017 No!
952 3967 1041 4080 Ilm
1053 3983 1121 4082 ,τοῖαι
1130 3968 1280 4031 philosophie
1295 3963 1433 4079 citamur&

252 4093 280 4143 in
290 4094 333 4144 the
343 4111 410 4145 same
420 4049 536 4144 veineeull
547 4046 694 4145 Philodtlilurd's
700 4047 829 4159 Ythdlpgro·
878 4035 1068 4159 dodgxdtidmlrih
1076 4033 1237 4147 thoenmiitzlif’
1257 4048 1320 4146 Ἧι
1335 4093 1430 4156 ἐπέχειν,

252 4157 333 4208 iessed
350 4160 429 4221 oook,'
448 4176 476 4210 or
491 4160 534 4210 the
554 4162 613 4224 cles
623 4177 652 4210 or
666 4164 750 4209 cordon
767 4161 828 4211 blau.
878 4176 962 4212 aeeon
972 4162 1026 4212 Att.
1039 4161 1073 4212 ri.
1086 4165 1109 4224 6,
1124 4164 1148 4223 3,
1161 4161 1209 4225 Ep.
1221 4160 1326 4213 calmi
1369 4206 1371 4210 .

254 4222 305 4272 For
323 4223 367 4273 the
388 4226 496 4275 abstreat
517 4225 595 4275 subet.
619 4224 706 4275 eoined
727 4227 791 4275 from
814 4241 830 4276 a
911 4229 1002 4287 rotatu
1032 4226 1136 4292 ὄνειρον]
1170 4227 1274 4292 ‘you’ra
1299 4223 1380 4286 tdliuss
1398 4233 1431 4295 1⁰9

253 4302 441 4401 propernname,
465 4307 477 4338 c
498 4327 504 4338 .
528 4291 673 4365 Maleae,
697 4290 827 4352 Appiam,
878 4290 947 4341 what
963 4291 976 4340 I
991 4291 1065 4340 lrnow
1080 4291 1198 4357 already.'
1233 4290 1337 4353 Perhaps
1346 4288 1432 4360 derat!

256 4355 827 4481 ‘ereaturarum
877 4355 1428 4482 merua

253 4483 330 4541 aaa,
345 4482 423 4546 (aaa).
880 4485 956 4550 (aas).
