3150 5109
524 514 626 584 σον.
654 514 778 599 (rurs
800 514 873 580 ΠΙ.
898 514 944 598 5).
1303 508 1345 572 so

140 686 177 753 id
199 687 261 753 erit
285 686 368 753 mihi
392 689 620 773 gratissimum,
646 689 684 769 si,
708 710 791 774 quae
819 686 881 753 tibi
909 686 1072 764 mandavi,
1097 681 1280 759 oonfeoeris‚
1310 681 1346 746 in

141 791 315 878 primisque
328 791 411 857 illud
426 790 616 879 ἐνδόμυχον,
631 814 695 878 quo
708 792 791 858 mihi
804 791 883 858 soies
896 790 981 857 nihil
995 812 1061 856 esee
1076 787 1189 854 eariua
1233 783 1347 850 Habes

140 894 309 981 epistolam
334 896 464 981 plenam
485 894 703 962 festinationis
728 899 760 961 et
780 894 931 981 pulveris.
977 893 1136 977 Reliquae
1165 887 1347 955 subtiliores

139 1003 244 1064 erunt.

156 1325 255 1395 CCV.
301 1324 360 1393 ΤΟ
381 1324 555 1393 APPIUs
580 1323 827 1392 CLAUDIUS
849 1325 1077 1396 PULOHER
1101 1331 1203 1417 (Fra
1229 1356 1281 1400 ιιι.
1306 1334 1344 1421 a).

297 1546 344 1589 v1.
361 1544 441 1588 ΚΑΙ..
458 1544 563 1603 8ΕΧΤ.,
579 1545 611 1588 Δ.
629 1544 663 1588 11.
680 1546 707 1588 C·
726 1540 796 1601 703;
820 1544 850 1588 B.
868 1544 896 1587 C·
913 1543 964 1601 613
980 1546 1054 1590 AET.
1072 1548 1131 1594 clo.
1148 1548 1189 1595 65.

190 1721 271 1787 Appio
282 1721 319 1772 ll.
333 1722 419 1773 Cicero
430 1723 521 1787 gratim
532 1721 593 1787 agit,
607 1723 673 1788 qnod
684 1722 736 1772 suis
751 1721 886 1772 oommodis
896 1722 1037 1786 prospiciat,
1050 1730 1075 1774 et
1086 1725 1183 1776 dierum
1193 1733 1219 1777 et
1229 1727 1348 1778 itinerum

141 1820 243 1854 suorum
261 1804 381 1854 rationem
400 1805 510 1869 exponit,
527 1811 557 1855 ut
575 1804 618 1855 ille
635 1820 686 1870 qua
703 1819 788 1854 seeum
806 1802 979 1868 congrediatur
993 1810 1102 1856 statuero
1117 1808 1202 1871 possit.
1238 1807 1349 1873 Soriptes

142 1886 238 1936 litteras
249 1892 308 1936 sunt
319 1885 451 1936 Trallibus.

469 2067 508 2123 lt.
528 2066 660 2123 CICERO
679 2067 707 2123 S.
728 2067 762 2121 D.
783 2066 842 2122 ΔΡ.
863 2067 1016 2123 PULCRO.

208 2211 238 2274 1.
266 2207 391 2275 Tralles
404 2209 480 2274 veni
498 2231 526 2274 a
543 2208 575 2273 d.
592 2230 639 2273 vn
655 2206 824 2274 Kalendas
843 2207 991 2275 Sextiles.
1041 2209 1097 2276 Ibi
1117 2211 1199 2277 mihi
1221 2215 1348 2297 praesto

142 2313 208 2379 fuit
222 2311 262 2378 L.
279 2311 424 2378 Lucilius
438 2335 512 2378 oum
525 2312 643 2378 litteris
664 2312 891 2399 mandatisque
905 2312 989 2378 tuis:
1017 2335 1081 2399 quo
1096 2315 1228 2401 quidem
1242 2314 1347 2380 homi·

142 2439 217 2482 nem
239 2416 401 2482 neminem
423 2416 557 2503 potuisti
574 2437 633 2481 neo
648 2415 730 2481 mihi
745 2416 929 2482 amiciorem
948 2437 1018 2496 neo,
1032 2421 1071 2483 ut
1090 2416 1237 2497 arbitror,
1253 2419 1349 2483 adea

142 2520 372 2606 eognosoendn,
384 2541 466 2605 quae
479 2519 559 2585 seire
572 2518 731 2598 volebam,
746 2519 905 2605 aptiorem
914 2521 1193 2605 prudentioremve
1206 2520 1345 2587 mittere.

142 2622 216 2710 Ego
238 2628 348 2689 autem
370 2627 402 2689 et
416 2627 489 2688 tuas
506 2623 631 2688 litteras
650 2622 718 2709 legi
733 2621 873 2688 libenter
896 2626 929 2687 et
950 2623 1061 2688 audivi
1083 2622 1249 2690 Luoilium
1271 2623 1344 2688 dili·

140 2731 265 2813 genter.
310 2726 419 2807 Nuno‚
443 2726 596 2813 quoniam
623 2729 656 2791 et
679 2729 718 2791 tu
740 2725 789 2790 ita
812 2724 1066 2791 sentis-soribis
1091 2728 1179 2792 enim
1199 2748 1281 2811 quae
1305 2727 1346 2793 de

141 2830 258 2895 nostris
273 2829 385 2896 offioiis
399 2851 459 2916 ego
474 2831 517 2895 ad
527 2834 562 2895 te
576 2829 767 2915 seripserim,
779 2829 840 2894 etsi
854 2827 916 2894 tibi
930 2828 1073 2895 ineunda
1083 2829 1216 2911 fuerint,
1226 2835 1346 2910 tamen,

141 2933 295 3018 quoniam
309 2956 350 3000 ex
364 2933 431 2998 alto
444 2933 582 3017 repetita
596 2932 671 3013 sint,
681 2954 749 2999 non
763 2933 940 2999 neeessaria
954 2936 987 2999 te
1001 2937 1208 3020 putasse-et
1221 2956 1256 3000 re
1270 2956 1348 3000 vera

140 3037 329 3102 confirmate
361 3036 503 3102 amioitia
532 3040 566 3101 et
593 3041 760 3123 perspecta
789 3035 854 3101 fide
883 3037 1141 3103 oommemoratio
1171 3037 1347 3103 offioiorum

141 3162 376 3227 supervacanea
390 3145 448 3221 est,
464 3162 535 3206 eam
557 3144 683 3226 partem
702 3139 856 3206 orationis
873 3140 1138 3226 praetermittam,
1153 3139 1216 3207 tibi
1235 3145 1345 3207 tamen

139 3266 249 3331 agam,
274 3247 313 3310 ut
338 3242 447 3324 debeo,
474 3245 606 3330 gratias.
662 3241 894 3309 Animadverti
919 3243 1007 3310 enim
1032 3248 1065 3309 et
1090 3244 1190 3309 didioi
1213 3266 1254 3310 ex
1280 3243 1346 3309 tuis

140 3348 259 3414 litteris
272 3354 306 3415 te
327 3347 476 3415 omnibus
494 3349 531 3414 in
548 3347 644 3415 rebus
659 3347 810 3414 habuisse
824 3348 994 3428 rationem,
1009 3352 1048 3415 ut
1066 3349 1148 3413 mihi
1166 3347 1347 3414 oonsuleres

140 3452 428 3539 praestitueresque
456 3457 490 3519 et
517 3474 727 3539 praeparares
750 3453 892 3537 quodam
914 3453 1011 3518 modo
1034 3452 1153 3532 omnia,
1180 3474 1244 3538 quo
1272 3473 1347 3518 mea

139 3556 223 3622 ratio
244 3555 370 3622 facilior
391 3562 424 3623 et
445 3556 580 3622 solutior
597 3578 665 3622 esso
686 3559 803 3641 posset.
848 3556 879 3621 2.
904 3554 979 3621 Hoo
997 3559 1092 3621 tuum
1112 3556 1251 3621 offieium
1272 3578 1345 3621 oum

140 3658 223 3724 mihi
238 3658 458 3745 gratissimum
472 3682 539 3726 osso
552 3660 670 3740 dioam,
686 3659 832 3745 sequitur
845 3658 939 3740 illud,
951 3664 989 3725 ut
1003 3665 1036 3726 te
1050 3660 1233 3726 existimare
1247 3659 1346 3725 velim

140 3761 223 3827 mihi
237 3783 375 3848 magnae
390 3785 484 3828 ourae
504 3762 574 3829 fore
594 3766 691 3851 amne
706 3785 774 3828 esse
796 3763 872 3844 iam,
887 3764 1030 3851 primum
1042 3768 1081 3829 ut
1094 3764 1163 3850 ipse
1180 3767 1219 3829 tu
1232 3763 1346 3849 tuique

141 3888 261 3945 omnes,
277 3866 394 3932 deinde
415 3871 455 3932 ut
475 3866 574 3932 etiam
595 3867 713 3953 reliqui
732 3868 812 3933 seire
825 3869 948 3955 possint
962 3891 1014 3934 me
1033 3867 1095 3934 tibi
1110 3889 1177 3933 esse
1192 3866 1344 3932 amicissi-

139 3992 241 4036 mum.
287 3968 384 4042 Quod
398 3970 514 4056 quibus
528 3969 633 4036 adhue
648 3992 715 4036 non
737 3972 816 4037 satis
834 3976 883 4038 est
897 3976 1109 4059 perspeotum,
1123 3972 1148 4036 ii
1162 3969 1244 4036 mihi
1258 3969 1345 4035 nolle

139 4158 243 4273 etl]
262 4158 717 4274 ‘restaurantis
767 4160 1345 4292 attestatas-llere

140 4240 275 4338 eoneerried
301 4289 378 4338 about
394 4260 436 4337 ’an
485 4287 527 4352 'ng
552 4288 615 4337 than
641 4289 717 4338 about
767 4290 815 4354 Ep.
829 4242 936 4340 ooxxriii.
1083 4264 1090 4289 l
1173 4262 1178 4275 ⁸
1244 4263 1249 4275 ι
1296 4261 1304 4286 ’
1335 4259 1342 4284 ’

140 4353 245 4403 Trrllia's
266 4352 396 4403 betrothal.
476 4390 483 4401 .
506 4352 600 4417 rightly
625 4353 717 4404 retains
800 4358 910 4417 prmum
927 4372 956 4406 ee·
972 4359 1021 4405 alto
1040 4358 1143 4418 repetito
1161 4354 1224 4420 slat]
1261 4352 1345 4403 ‘sinos

141 4422 198 4467 scies
213 4419 241 4467 oi
257 4417 366 4478 thesim,
379 4416 443 4467 with
457 4418 501 4467 the
516 4424 640 4468 oomment
658 4418 715 4468 ‘iu·
767 4419 1052 4485 thsygobaeksofsr)

139 4490 226 4533 turum
236 4481 604 4546 tempueponitremitaesse’
801 4488 865 4535 ratio
883 4522 889 4534 .
909 4523 916 4536 .
935 4484 1049 4551 ,possetJ
1093 4488 1193 4535 ‘course
1213 4483 1241 4533 of
1262 4482 1345 4533 aetion

173 4548 320 4614 subtiliores]
339 4548 556 4598 ‘moredetailod'
768 4549 1096 4614 mightboeesierandloss
1107 4548 1286 4613 eomplioated.’
