3150 5109
555 408 682 474 198
1276 407 1582 476 oozxz.
1635 408 1879 493 (Fam.
1926 408 2076 474 III.
2120 411 2261 496 10).

582 880 886 951 CGLXI.
978 882 1317 951 CICERO
1362 881 1481 951 ΤΟ
1498 881 1826 1074 (31³1)OE
1827 883 1875 951 S
1918 882 2403 1074 ΟζξΔΑΠΒΙΠΒ
2448 880 2917 960 PULOHER,

1587 1010 1711 1055 Au.
1758 1009 1864 1056 111.
1916 1008 1974 1056 10
2015 1038 2032 1055 .

1020 1191 1208 1252 MAY3
1253 1192 1318 1237 A.
1353 1192 1420 1237 U.
1456 1192 1511 1235 C.
1547 1189 1683 1251 7043
1732 1192 1793 1235 B.
1827 1192 1880 1236 C·
1914 1190 2023 1251 503
2069 1192 2217 1236 AET.
2251 1190 2373 1235 010.
2407 1189 2494 1238 56.

648 1348 884 1413 Appium,
903 1365 1017 1400 eum
1036 1350 1321 1401 revertisset
1335 1366 1365 1402 e
1384 1350 1658 1416 provincia,
1679 1350 1942 1402 Dolabella
1960 1356 2289 1413 accusaverat,
2316 1349 2406 1415 qui
2427 1348 2654 1400 Tulliam
2673 1348 2752 1399 M.
2777 1347 2951 1399 Ciano-

549 1430 629 1480 nis
649 1430 805 1481 filiam
825 1430 881 1481 in
901 1430 1215 1482 matrimonio
1244 1431 1476 1484 habebat.
1544 1432 1611 1482 Id
1635 1448 1688 1483 se
1711 1432 1951 1484 insciente
1982 1432 2058 1482 M.
2095 1432 2265 1483 Cicero
2297 1432 2369 1482 ait
2393 1447 2501 1482 esse
2531 1432 2750 1481 facturn.
2815 1430 2949 1480 Pras-

548 1518 685 1562 terea
704 1512 1027 1577 suspitionem
1047 1529 1079 1563 a
1098 1529 1152 1564 se
1171 1513 1436 1578 impeditae
1454 1513 1736 1580 legationis,
1756 1530 1885 1580 quae
1904 1515 1969 1564 ad
1987 1514 2289 1564 laudandum
2308 1513 2531 1578 Appium
2551 1514 2755 1563 decreta
2772 1511 2951 1571 fuine,

549 1593 801 1645 infirmare
821 1596 989 1645 studet
1007 1595 1287 1660 proconsul.
1356 1595 1498 1653 Quae
1526 1602 1696 1647 autem
1729 1598 1792 1647 de
1827 1596 1976 1647 rebus
2007 1596 2063 1645 in
2087 1594 2342 1660 provincia
2372 1594 2528 1660 gestis
2559 1594 2619 1643 in
2639 1594 2737 1644 hae
2765 1593 2957 1658 epistnh

548 1676 817 1736 addiderat,
841 1691 900 1726 ea
920 1676 1155 1727 videntur
1174 1693 1293 1727 casu
1312 1676 1637 1729 intercidisse.
1706 1678 1936 1743 Denique
1950 1682 2223 1743 auguratur
2245 1676 2417 1727 Cicero
2438 1691 2704 1726 censuram
2725 1674 2883 1740 Appio
2900 1674 2959 1724 iri

551 1757 786 1809 delatum.
853 1756 1050 1822 Scripta
1069 1757 1277 1822 epistola
1297 1764 1376 1810 est
1395 1758 1687 1810 Laodiceae.

1259 1934 1339 1989 M.
1378 1933 1647 1990 CICERO
1681 1932 1797 1990 ΑΡ.
1836 1934 2124 1990 PULcRo
2162 1936 2216 1990 S.

683 2064 742 2130 1.
789 2062 959 2130 Oum
1005 2068 1103 2131 est
1153 2065 1241 2130 ad
1288 2087 1408 2131 nos
1464 2065 1760 2131 adlatum
1816 2066 1899 2132 de
1955 2066 2318 2131 temeritate
2374 2086 2625 2146 eorum,
2687 2063 2805 2151 qui
2843 2064 2952 2131 fibi

549 2167 889 2253 negotium
930 2168 1338 2249 faoesserent,
1380 2168 1505 2235 etsi
1549 2168 1839 2255 graviter
1874 2168 2087 2256 primo
2122 2168 2356 2234 nuntio
2394 2172 2764 2235 oommotus
2800 2190 2947 2248 sum,

551 2271 725 2357 quod
751 2270 922 2336 nihil
948 2275 1088 2337 tam
1115 2276 1369 2358 praeter
1391 2272 1763 2359 opinionem
1791 2295 2007 2339 meam
2035 2272 2317 2340 aoeidere
2344 2272 2584 2359 potuit,
2614 2277 2857 2352 tamen,
2882 2278 2949 2338 ut

548 2397 655 2441 me
676 2374 930 2463 collegi,
949 2378 1160 2440 cetera
1179 2375 1344 2441 mihi
1360 2376 1677 2443 faoillima
1697 2375 2104 2458 videbantur,
2128 2376 2303 2463 quod
2323 2379 2390 2443 et
2407 2376 2481 2443 in
2503 2381 2573 2442 te
2591 2376 2740 2462 ipso
2761 2377 2946 2442 maxi-

546 2500 724 2545 mam
755 2500 937 2565 spem
972 2483 1038 2545 et
1076 2478 1149 2544 in
1184 2478 1317 2545 tuis
1354 2502 1667 2568 magnam
1703 2479 2024 2547 habebam
2056 2480 2390 2566 multaque
2423 2478 2593 2545 mihi
2618 2479 2950 2547 veniebant

549 2581 621 2648 in
649 2586 959 2663 mentem,
991 2604 1188 2668 quam
1216 2582 1300 2650 ob
1327 2606 1466 2650 rem
1493 2584 1696 2651 istum
1721 2584 2009 2651 laborem
2037 2582 2161 2650 tibi
2187 2584 2384 2650 etiam
2411 2582 2649 2649 honori
2668 2587 2947 2671 putarem

550 2686 711 2753 fore.
800 2686 985 2752 Illud
1013 2687 1207 2773 plane
1250 2688 1517 2755 moleste
1560 2689 1708 2770 tuli,
1756 2689 1929 2774 quod
1967 2688 2391 2754 certissimum
2429 2690 2497 2754 et
2539 2687 2949 2754 iustissimum

550 2790 961 2877 triumphum
1009 2790 1131 2856 hoe
1175 2790 1548 2858 invidorum
1600 2792 1866 2860 oonsilio
1911 2815 2048 2859 esse
2104 2791 2226 2859 tibi
2289 2795 2587 2877 ereptum
2644 2791 2945 2859 videbam.

554 2893 750 2964 Quod
794 2897 872 2959 tu
921 2894 978 2960 si
1025 2894 1196 2961 tanti
1244 2894 1459 2976 facies,
1518 2896 1750 2982 quanti
1795 2918 1919 2983 ego
1967 2917 2219 2982 semper
2267 2894 2552 2962 iudicavi
2593 2895 2949 2963 faciendum

552 3020 709 3078 esse,
752 2997 953 3064 faoies
995 2999 1317 3084 sapienter
1360 3003 1429 3065 et
1467 3022 1623 3087 ages
1664 3001 1869 3067 vietor
1908 3021 1990 3066 ex
2026 2998 2435 3065 inimieorum
2470 2999 2695 3066 dolore
2737 3001 2945 3065 trium·

552 3100 759 3187 phum
803 3100 1248 3168 iustissimum.
1338 3102 1511 3191 Ego·
1537 3105 1714 3171 enim
1761 3105 1956 3191 plane
2002 3102 2191 3170 video
2232 3103 2374 3169 fore
2429 3103 2670 3184 nervis,
2714 3103 2945 3191 opibus,

550 3204 870 3290 sapientia
910 3209 1046 3285 tua,
1082 3205 1496 3275 vehementer
1540 3212 1618 3275 ut
1652 3207 1947 3275 inimicos
1988 3210 2136 3273 tuos
2162 3206 2491 3293 paeniteat
2525 3207 2943 3295 intemperan-

548 3306 681 3374 tiae
710 3329 884 3375 suae.
974 3306 1079 3375 De
1117 3331 1223 3375 me
1259 3309 1383 3376 tibi
1425 3311 1516 3378 sio
1559 3316 1925 3379 contestans
1967 3333 2188 3378 omnes
2232 3312 2384 3377 deos
2420 3312 2734 3397 promitto
2770 3317 2943 3397 atque

550 3412 877 3493 oonfirmO,
912 3433 1019 3478 me
1061 3434 1179 3498 pro
1226 3418 1345 3481 tua
1390 3415 1978 3501 dignitate—malo
2017 3415 2191 3482 enim
2233 3419 2325 3480 ita
2367 3416 2578 3481 dioere
2622 3438 2820 3501 quam
2841 3436 2944 3502 pro

618 3595 665 3642 1.
706 3591 915 3649 Quodtu
935 3590 1005 3667 εἰ]
1046 3592 1183 3643 ‘But
1202 3592 1704 3659 ifyouvalueitasl
1807 3599 1855 3657 2,
1876 3594 2940 3659 Ep.olx.forenervi⁸opuseteapientiam.

546 3656 735 3723 always
748 3656 963 3721 thought
974 3663 1017 3707 rt
1029 3657 1262 3708 deserved
1272 3659 1374 3722 (ute.
1389 3658 1434 3708 if
1446 3675 1547 3725 you
1560 3660 1710 3710 think
1874 3663 2266 3721 intemperantiae
2361 3667 2375 3688 ‘
2392 3659 2737 3710 reeklessness.
2750 3660 2764 3682 '

551 3721 681 3772 little
714 3720 770 3771 of
799 3720 877 3786 it),
905 3721 1130 3797 youwill
1150 3728 1233 3773 aot
1256 3723 1443 3789 wisely,
1470 3726 1570 3775 and
1591 3741 1646 3775 as
1677 3740 1710 3777 a
1873 3728 1948 3774 ita
1982 3723 2157 3791 dicere]
2293 3725 2528 3789 asenberg
2550 3725 2689 3789 (Em.
2715 3725 2797 3788 51)
2832 3722 2935 3772 adds

550 3786 712 3838 vietor
731 3801 833 3851 you
855 3786 961 3835 w111
989 3786 1231 3839 celebrate
1256 3803 1287 3837 a
1314 3788 1553 3853 triumph,
1580 3796 1710 3841 most
1811 3794 1900 3851 ita,
1921 3789 2207 3854 comparing
2219 3791 2328 3839 Att.
2352 3788 2460 3838 xiii.
2479 3794 2561 3851 42,
2580 3793 2626 3851 1,
2645 3790 2937 3851 myster-‘⁸3

552 3868 666 3903 sure
686 3852 787 3901 and
814 3850 1205 3914 well-deserved,
1235 3868 1355 3903 over
1384 3853 1471 3904 the
1503 3854 1710 3919 chagrin
1808 3858 2005 3917 inquam
2027 3872 2045 3904 .·
2081 3857 2203 3904 malo
2238 3856 2364 3903 enim
2396 3855 2471 3902 ita
2505 3857 2662 3904 dicen
2694 3870 2830 3918 quam
2862 3866 2935 3900 aar

552 3915 607 3966 of
680 3932 772 3967 our
809 3916 1059 3966 enemies!
1128 3919 1211 3967 Ea:
1247 3934 1303 3967 as
1336 3918 1451 3969 well
1486 3935 1541 3969 as
1575 3923 1633 3969 do
1663 3919 1710 3970 is
1808 3922 2065 3969 committis
2084 3923 2110 3969 ἓ
2184 3919 2524 3968 Translate—⁴
2542 3917 2571 3967 I
2616 3918 2824 3983 promise
2851 3915 2937 3966 and

547 3998 583 4030 u
689 3982 771 4031 for
789 3980 1100 4057 triumphing
1121 3997 1228 4030 over
1243 3998 1263 4031 .·
1302 3998 1380 4045 op.
1415 3983 1616 4034 Holden
1643 4000 1710 4034 on
1810 3983 2053 4034 maintain
2073 3984 2199 4046 that,
2225 3983 2280 4033 in
2301 3989 2506 4046 support
2525 3982 2584 4034 of
2614 3999 2743 4048 your
2760 3981 2934 4046 dignit-5

548 4047 647 4096 Off.
672 4046 729 4096 ii.
757 4049 838 4096 28.
907 4046 1079 4097 Creero
1099 4046 1185 4096 did
1205 4054 1295 4097 not
1315 4048 1470 4113 really
1487 4048 1635 4099 think
1655 4064 1711 4100 so
1810 4049 1918 4163 Sthe
1940 4050 2076 4099 word
2102 4049 2123 4097 Ι
2150 4048 2536 4113 preferusingto
2562 4052 2578 4077 ⁴
2594 4046 2928 4113 yoursafety’).

545 4112 677 4163 little
697 4112 754 4163 of
773 4128 804 4162 a
823 4110 1046 4175 triumph
1066 4126 1122 4161 as
1149 4110 1215 4162 he
1244 4113 1445 4163 ehooses
1474 4119 1529 4163 to
1559 4113 1712 4165 affeet
1873 4114 2005 4164 shall
2039 4113 2307 4164 undet-take
2347 4113 2450 4163 this
2487 4120 2602 4176 part
2638 4113 2736 4162 and
2765 4113 2931 4172 duty-

545 4175 681 4227 here.
1754 4229 1756 4231 ,
1808 4178 1864 4227 in
1897 4178 2002 4228 this
2028 4178 2281 4254 province,
2313 4178 2482 4228 which
2510 4192 2614 4242 you
2640 4170 2928 4248 governedl

602 4245 720 4305 sore
758 4242 917 4291 nervis
938 4241 1104 4302 opibus
1131 4242 1370 4302 sapientia
1404 4239 1512 4307 tua]
1582 4242 1706 4293 This
1807 4243 1936 4293 shall
1948 4245 2078 4294 bem
2093 4243 2270 4307 asking
2280 4241 2480 4293 favours
2500 4258 2567 4291 an
2583 4241 2930 4298 inter-oemunm

548 4306 754 4370 reading
775 4305 880 4356 will
900 4306 1044 4356 make
1064 4305 1167 4356 fair
1186 4321 1344 4369 sense,
1372 4310 1387 4336 ‘
1401 4307 1514 4358 that
1534 4306 1579 4357 it
1598 4307 1706 4358 win
1806 4307 2035 4372 working
2065 4307 2167 4373 (for
2196 4324 2322 4373 your
2361 4307 2593 4357 interests
2624 4321 2679 4356 as
2710 4321 2844 4371 eager
2865 4303 2927 4416 aa}

549 4385 687 4419 come
718 4376 772 4420 to
805 4386 918 4433 pass
951 4371 1021 4435 by
1094 4386 1187 4421 our
1217 4378 1478 4423 strenuous
1515 4372 1698 4435 aetion,
1804 4388 1836 4422 a
1869 4373 2115 4434 kinsmn,
2153 4373 2209 4422 in
2244 4372 2490 4422 influence
2532 4387 2629 4423 one
2663 4371 2854 4436 popular
2884 4369 2898 4429 (

547 4448 809 4495 nemarcos,
836 4435 934 4483 and
1008 4434 1020 4446 ⁶
1080 4451 1179 4496 om,
1202 4435 1313 4486 &est
1369 4436 1470 4486 But
1491 4437 1703 4501 perhaps
1803 4437 1953 4502 hope)
1986 4437 2112 4488 with
2136 4438 2223 4487 the
2247 4443 2414 4497 states,
2447 4438 2547 4487 and
2573 4437 2631 4487 in
2654 4436 2839 4502 dignity
2855 4433 2928 4484 tho

547 4512 625 4545 we
637 4496 938 4559 mightread‚
950 4514 1005 4548 as
1017 4501 1293 4563 suggested,
1307 4515 1372 4549 on
1382 4499 1445 4556 Q.
1456 4500 1542 4550 Fr.
1554 4500 1629 4550 iii.
1648 4504 1696 4563 9,
1802 4502 2283 4565 general-in-ehief.'
