3150 5109
291 404 334 469 34
630 401 847 484 (CXCVIII.
874 402 992 488 (Arm
1024 405 1061 472 V.
1084 405 1153 488 10).

289 581 451 665 premunt,
473 597 556 662 quae
577 576 740 662 permulta
763 581 851 656 sunt,
875 576 1035 644 sublevat.
1079 578 1112 645 2.
1137 578 1235 650 Quod
1259 579 1302 643 ad
1321 578 1476 646 Philotimi
1552 658 1553 663 ἵ

288 680 398 748 liberti
423 680 563 746 officium
586 684 620 745 et
641 678 728 745 bona
749 679 884 746 Milonis
910 682 1038 762 attinet,
1065 682 1213 748 dedimus
1237 705 1366 769 operam
1391 689 1478 750 utet
1551 690 1553 769 ]

289 784 485 852 Philotimus
500 805 598 870 quam
619 783 843 850 honestissime
865 782 987 851 Miloni
1010 784 1136 851 absenti
1157 785 1290 872 eiusque
1310 788 1478 854 necessariis

288 889 367 955 satis
380 889 499 956 faceret
512 894 546 954 et
564 888 742 953 seeundum
756 888 826 954 eius
844 888 942 954 fidem
957 894 990 955 et
1004 888 1209 954 sedulitatem
1227 890 1416 957 existimatio
1428 896 1478 956 tna
1552 972 1553 975 Ἴ

287 1004 537 1058 conservaretur.
583 994 614 1056 3.
638 990 730 1057 illud
751 1014 839 1057 nnnc
857 1014 878 1056 a
893 996 1028 1077 tapeto,
1046 993 1074 1057 si
1095 993 1343 1079 eriautspero,
1363 995 1479 1071 otiosas,
1552 994 1553 1007 ²

288 1097 419 1183 aliquod
434 1096 476 1161 ad
490 1118 559 1176 nos,
574 1099 612 1161 ut
626 1095 857 1183 intellegamus
878 1119 937 1162 nos
950 1095 1013 1163 tibi
1035 1119 1129 1163 curae
1143 1120 1221 1178 ease,
1237 1102 1400 1183 σύνταγμα
1414 1122 1479 1166 oon·

287 1200 416 1266 soribas.
472 1198 539 1271 Qui
562 1198 623 1265 tibi
646 1199 739 1280 istuc,
765 1200 884 1285 inquis,
911 1201 947 1265 in
976 1205 1121 1268 mentem
1151 1203 1249 1280 venit,
1271 1201 1395 1268 homini
1421 1226 1481 1269 non
1552 1284 1553 1289 ἵ

286 1304 425 1390 inepto?
473 1305 551 1385 Opto
577 1302 709 1389 aliquod
734 1325 775 1368 ex
798 1307 868 1369 tam
892 1304 1007 1370 multis
1031 1305 1097 1371 tuis
1121 1306 1345 1371 monumentis
1369 1310 1481 1373 exstars
1552 1300 1553 1371 ?

286 1408 375 1494 quod
389 1410 516 1473 nostrae
537 1406 697 1473 amicitiae
714 1407 904 1474 memoriam
918 1408 1055 1493 posteris
1076 1430 1204 1494 quoque
1218 1410 1348 1494 prodat.
1391 1408 1482 1475 (iuius
1552 1402 1553 1429 ¹

286 1511 375 1578 modi
389 1510 500 1588 velim,
512 1514 601 1596 puto,
614 1510 750 1596 quaeris.
775 1510 828 1576 Tu
843 1511 947 1590 eitius,
960 1510 1018 1597 qui
1033 1533 1162 1576 omnem
1176 1512 1262 1577 nosti
1278 1512 1481 1598 disciplinam,
1552 1600 1553 1603 Ἴ

286 1615 373 1702 quod
396 1616 537 1680 maxime
560 1615 731 1680 conveniat
750 1613 960 1702 excogitabis.
1006 1613 1131 1681 Genera
1154 1619 1277 1695 tamen,
1293 1619 1383 1701 quod
1399 1621 1430 1682 et
1448 1619 1484 1680 ad

286 1741 345 1786 nos
366 1718 527 1805 pertineat
550 1722 583 1783 et
606 1716 810 1785 διδασκαλίαν
825 1719 1011 1804 quamdam,
1026 1723 1065 1784 ut
1087 1721 1232 1785 versetur
1254 1718 1344 1784 inter
1366 1742 1481 1797 manus
1552 1806 1553 1823 ἵ

286 1821 413 1888 habeat.
1552 1838 1553 1843 ’

495 2138 689 2207 (iXGVIH.
735 2138 794 2206 ΤΟ
817 2138 1018 2206 ATTIOUS
1044 2140 1141 2224 (Ars.
1165 2162 1198 2205 v.
1224 2142 1278 2225 ιι).

583 2335 613 2376 s.
632 2334 665 2375 r.
683 2333 709 2376 c.
727 2331 795 2392 7033
820 2333 851 2376 ιι.
869 2333 896 2377 c.
912 2331 961 2391 51;
987 2332 1062 2376 aar.
1078 2332 1138 2376 crc.
1155 2330 1197 2378 55.

334 2482 371 2532 M.
385 2481 470 2532 Cicero
483 2481 568 2531 Attico
583 2482 669 2532 scribit
679 2497 705 2532 se
715 2497 739 2532 a.
752 2483 778 2532 d.
791 2497 840 2532 vn.
853 2482 911 2531 Kal.
925 2480 1027 2538 Quinct.
1043 2482 1154 2531 Athenas
1168 2482 1266 2533 venisse
1281 2482 1370 2548 ibique
1383 2483 1488 2548 Pompti-

284 2580 346 2614 num
356 2569 472 2629 quartum
482 2563 532 2613 iam
543 2563 608 2613 diem
619 2568 767 2627 exspectare.
803 2563 842 2614 Do
856 2563 1022 2613 recordatione
1036 2563 1122 2625 Attici,
1135 2563 1165 2613 de
1182 2570 1284 2628 sumptu
1296 2565 1402 2615 Athenis
1411 2581 1456 2615 nec
1464 2565 1489 2614 in

283 2662 310 2695 se
319 2661 400 2710 neque
410 2645 437 2695 in
448 2661 505 2695 suos
516 2661 562 2695 nec
571 2644 670 2708 publice
680 2660 725 2695 neo
742 2644 860 2709 privatim
870 2644 945 2706 lacto,
959 2645 989 2695 de
999 2644 1113 2695 molestia
1123 2645 1332 2695 administrandae
1342 2646 1488 2710 provinciae,

282 2727 443 2778 dedesiderio
454 2743 498 2778 suo
509 2726 670 2792 cognoscendi
680 2726 724 2776 ubi
734 2726 834 2777 Atticus
845 2728 879 2777 sit
888 2732 914 2777 et
924 2726 1023 2791 quidde
1033 2726 1106 2777 rebus
1117 2726 1169 2776 suis
1180 2726 1273 2776 Romae
1284 2734 1383 2792 agatssr,
1392 2729 1423 2778 de
1433 2728 1490 2778 urbe

283 2811 445 2873 Athenarum,
459 2810 490 2859 dc
500 2810 591 2871 Aristo,
604 2810 635 2859 de
645 2808 757 2859 Xenone.
793 2808 891 2872 Scripta
900 2809 1003 2873 epistola
1014 2815 1052 2859 est
1062 2809 1175 2858 Athenis.

698 3005 830 3061 CICERO
848 3006 981 3062 ATTICO
1000 3007 1076 3061 SAL.

351 3132 380 3194 1.
403 3128 455 3195 Ut
474 3129 623 3196 Athenas
643 3150 672 3194 a.
689 3129 720 3193 d.
737 3149 800 3194 vn.
825 3127 903 3194 Kal.
926 3128 1060 3201 Quinet.
1079 3150 1241 3209 veneram,
1265 3129 1492 3214 exspectabam

282 3234 329 3300 ibi
351 3235 417 3300 iam
439 3238 591 3319 quartum
612 3231 699 3297 diem
721 3230 945 3318 Pomptinum,
968 3255 1072 3320 neque
1094 3233 1134 3299 de
1157 3233 1225 3299 eius
1246 3232 1392 3298 adventu
1415 3234 1494 3299 oerti

315 3423 339 3469 2.
356 3417 495 3482 Philotimi]
538 3433 576 3481 cp.
597 3422 650 3467 act.
674 3434 699 3466 v.
722 3420 745 3478 8,
766 3421 790 3479 2,
812 3417 860 3482 Ep.
911 3422 966 3467 Ab.
977 3435 1002 3483 p.
1020 3421 1061 3483 19)
1072 3419 1232 3484 objectstbat
1245 3418 1385 3480 optoistoo
1395 3426 1494 3485 among,

281 3485 364 3536 cxciii.
911 3484 960 3533 and
981 3484 1071 3534 wishes
1092 3492 1118 3534 to
1139 3486 1197 3534 read
1218 3487 1267 3533 oola
1289 3483 1375 3534 before
1396 3489 1497 3550 aliqud

313 3548 450 3613 seeundum]
488 3548 528 3595 An
544 3546 665 3610 irregular
685 3546 814 3596 abendon
834 3547 863 3597 of
910 3548 994 3613 owing
1013 3555 1039 3598 to
1060 3548 1105 3598 the
1123 3548 1251 3613 following
1273 3552 1352 3609 eelim,
1374 3553 1428 3600 and
1450 3552 1494 3601 be·

280 3614 559 3673 theuseofsecuadom,
575 3611 858 3662 ‘inaooordanoewith’
911 3629 983 3663 cause
1002 3613 1023 3662 it
1041 3612 1122 3677 might
1140 3613 1234 3677 readily
1254 3613 1319 3663 bars
1335 3612 1416 3663 fallen
1442 3624 1495 3676 out,

279 3688 307 3732 to
320 3681 371 3745 ‘by
381 3678 523 3728 reasonof?
910 3677 942 3726 he
957 3677 1051 3739 thinks,
1069 3677 1181 3728 between
1195 3695 1208 3726 o
1223 3679 1272 3727 and
1287 3681 1331 3727 ali.
1367 3679 1425 3729 The
1444 3696 1497 3730 esn-

313 3748 336 3794 3.
355 3747 453 3806 aliquod
467 3747 499 3791 ad
514 3758 555 3790 nos
572 3747 702 3804 σύνταγμα
716 3741 858 3808 conscribar]
909 3742 993 3806 phatic
1004 3743 1072 3792 word
1082 3741 1110 3791 in
1119 3742 1162 3792 the
1174 3748 1288 3793 sentence
1298 3742 1382 3793 which
1394 3745 1500 3795 Caelius

283 3808 408 3859 ‘dedicate
424 3823 490 3856 some
507 3808 620 3855 mature
635 3816 662 3855 to
680 3807 729 3856 ιιι)
766 3807 791 3856 It
807 3807 829 3855 is
845 3824 861 3856 a
910 3808 993 3870 pleads
1014 3806 1041 3856 in
1059 3806 1221 3872 justification
1243 3808 1271 3857 oi
1291 3808 1331 3857 his
1348 3818 1456 3874 request
1477 3812 1500 3860 is

278 3875 339 3925 kind
355 3873 383 3924 of
398 3876 521 3938 pregnant
537 3870 711 3931 construction,
732 3876 861 3935 ‘composa
911 3874 1043 3922 castaliae.

279 3936 574 3989 andaddresstome‘:
598 3935 632 3985 ef.
651 3936 721 3985 Fam.
738 3935 814 3997 ιιι4,
835 3940 857 3997 1,
944 3935 1136 4003 deneratam]
1163 3939 1247 3987 scota
1277 3937 1500 3990 Thisisarather

279 4006 326 4069 Ep.
337 4003 484 4064 cxiv.,quem
493 4005 525 4049 ad
532 4002 859 4063 marnantiorismscriptum
909 4000 983 4050 harah
997 4001 1047 4051 abl.
1065 4000 1093 4051 of
1108 4001 1212 4066 quality,
1233 4002 1277 4051 the
1293 4002 1389 4052 chum
1407 4005 1499 4056 which

278 4069 550 4119 mcismmummicisti.
579 4064 860 4128 civraypawesalater
908 4065 994 4115 follow
1010 4064 1085 4130 doing
1100 4066 1163 4132 duty
1178 4067 1219 4117 for
1234 4067 1376 4130 adjectivae.

279 4134 361 4184 Greek
376 4132 444 4182 word
460 4131 501 4181 ior
522 4147 537 4179 a
558 4129 623 4179 book
638 4146 667 4179 or
681 4132 796 4180 treatise:
819 4147 857 4195 cp.
940 4137 963 4179 st
975 4131 1147 4195 διδασκαλίαν]
1182 4130 1499 4184 ‘treatofsomeinstmr-

279 4197 405 4258 Plutarch,
419 4196 458 4245 De
475 4195 549 4245 Staio.
563 4194 659 4259 Repug.
674 4199 746 4256 1036,
760 4198 800 4256 27,
819 4197 858 4245 ed.
908 4195 960 4244 tire
970 4194 1103 4259 subjectso
1113 4195 1168 4245 that
1177 4194 1263 4260 itmay
1272 4196 1405 4262 bewidely
1412 4201 1497 4250 raan’

279 4264 377 4324 Reiaka,
391 4264 432 4312 sal
444 4263 473 4311 τι
486 4260 616 4322 σύνταγμα
626 4262 673 4309 τοῦ
684 4261 859 4324 συντάγματος
909 4260 960 4309 For
968 4262 1033 4309 inter
1040 4276 1128 4309 masor
1137 4264 1237 4320 cneori,
1248 4262 1309 4310 used
1316 4260 1344 4310 of
1354 4262 1446 4324 books,
1457 4282 1500 4315 ssa

276 4329 458 4391 μαλακώτερον.
909 4324 959 4388 Dig
972 4329 995 4375 1.
1008 4328 1033 4386 2,
1047 4328 1071 4387 2,
1085 4328 1125 4386 42,
1138 4328 1237 4387 &nique
1246 4342 1288 4374 sse
1299 4335 1433 4377 mater
1443 4347 1498 4379 ωι-

312 4391 384 4458 Opto]
424 4390 486 4440 This
507 4388 601 4439 certain
622 4388 733 4438 addition
755 4404 858 4454 appears
907 4392 965 4438 nino
983 4394 1242 4452 samtamruminter
1251 4406 1337 4440 massus
1347 4393 1501 4445 minum.-

275 4467 302 4511 ιο
323 4459 355 4509 be
376 4458 424 4506 due
445 4462 471 4504 to
493 4455 579 4504 Klotz.
613 4453 766 4519 Wesenberg
788 4455 855 4519 (llos.
908 4453 1178 4505 cf.H0r.A.P.aea
