3150 5109
255 400 321 466 264
610 399 806 467 eorem.
830 399 946 486 (arr.
977 400 1057 468 1⁷11.
1079 401 1126 486 a).

256 596 340 639 rum.
386 572 491 640 Eoum
512 577 546 640 et
560 574 686 639 mulum
701 572 883 639 Brundusii
899 573 962 641 tibi
983 573 1110 661 reliqui.
1154 572 1280 640 Romae
1292 594 1390 639 vereor
1399 596 1439 640 ne

255 698 296 743 ex
310 676 453 745 Kalend.
470 677 543 744 Ian.
559 678 673 764 magni
687 678 848 744 tumultus
862 679 939 744 sint.
970 677 1042 744 Nos
1056 699 1189 765 agemus
1203 677 1311 743 omnia
1322 677 1439 744 modios.

256 784 288 846 4.
305 781 481 868 Reliquum
496 785 545 848 est
554 786 594 848 nt
604 787 637 848 te
650 781 712 848 hoo
725 804 837 868 rogem
852 787 886 848 et
899 786 1091 868 atspetam
1105 785 1275 848 netemere
1283 780 1442 867 naviges-

256 885 360 951 solent
374 889 493 952 nautae
507 885 663 952 festinare
686 889 838 971 quaestus
859 884 911 951 sui
930 889 1182 951 seusa-mutus
1203 884 1257 965 sis,
1278 885 1324 950 mi
1336 882 1441 950 'liro-

257 1011 346 1055 mare
365 1010 523 1075 magnum
543 994 576 1056 et
597 989 726 1056 difficile
747 988 810 1055 tibi
832 989 1004 1055 restat-si
1022 988 1142 1076 potoris
1164 1010 1240 1054 oum
1262 986 1442 1054 Mescinio-

257 1097 349 1159 osute
373 1093 402 1159 is
425 1093 506 1159 solet
529 1092 756 1179 navigare-si
778 1093 898 1173 minus,
925 1114 999 1158 oum
1023 1091 1158 1158 honesto
1187 1091 1298 1179 aliquo
1319 1091 1444 1171 homine,

259 1195 351 1262 ouius
372 1197 563 1263 auctoritate
584 1197 803 1264 navicularius
823 1200 999 1263 moveebrr.
1044 1194 1088 1262 In
1102 1195 1163 1262 hoo
1178 1218 1308 1262 omnem
1321 1196 1445 1282 diligen·

256 1299 339 1366 tiam
368 1301 396 1366 si
425 1300 610 1367 adhibueris
637 1305 734 1387 teque
763 1299 857 1367 nobis
877 1299 1071 1366 ineolumem
1099 1299 1230 1377 stiteris,
1254 1299 1363 1365 omnia
1383 1322 1401 1364 a
1418 1304 1447 1364 te

257 1401 393 1471 habebo.
437 1405 550 1472 Etiam
570 1410 668 1492 atque
691 1405 801 1485 etiam,
823 1407 933 1470 noster
954 1402 1043 1483 Tiro,
1067 1402 1149 1469 vale.
1192 1401 1333 1484 Medico,
1352 1400 1448 1482 Oeno,

258 1506 384 1593 Lysoni
399 1509 439 1575 de
453 1513 487 1576 te
501 1509 613 1595 scripsi
627 1507 886 1596 diligentissime.
931 1505 1016 1575 Vale
1030 1509 1064 1573 et
1077 1506 1173 1572 salve.

367 1988 557 2058 GOXGIII.
602 1988 771 2058 CICERO
794 1986 854 2056 ΤΟ
876 1986 1079 2056 hiulcos
1104 1987 1201 2073 (Aur.
1225 2009 1289 2055 vn.
1313 1992 1356 2073 a).

547 2212 581 2256 a.
597 2211 631 2256 n.
648 2211 675 2255 o.
693 2208 763 2270 7⁰43
787 2210 819 2254 s.
836 2210 864 2254 o.
881 2209 935 2267 ⁶⁰3
957 2208 1033 2253 aar.
1050 2209 1111 2254 oro.
1127 2208 1170 2257 se.

306 2386 344 2439 Μ.
362 2386 448 2440 Oioero
463 2387 548 2440 Attico
566 2387 652 2440 sonbit
669 2403 697 2440 sa
713 2386 821 2438 feliciter
839 2383 1010 2436 andusium
1025 2384 1129 2448 venisse,
1147 2386 1178 2437 de
1193 2385 1340 2438 valetudine
1349 2386 1421 2438 Attici
1434 2394 1455 2437 et

258 2470 354 2521 nuntiis
365 2470 396 2521 de
406 2486 436 2521 ee
446 2472 477 2520 ad
488 2487 514 2521 se
524 2471 621 2532 adlatis,
635 2471 665 2521 de
676 2469 785 2534 epistolis
796 2467 882 2529 Attici,
895 2467 926 2518 de
937 2466 1035 2517 Tironis
1045 2469 1138 2530 morbo,
1151 2469 1182 2519 de
1193 2468 1269 2520 curu>
1279 2469 1381 2535 eiusque
1389 2474 1455 2520 tede·

259 2557 351 2614 mento,
365 2553 395 2603 de
406 2551 533 2603 Alexionis
543 2551 651 2617 hospitio
662 2550 793 2617 Corcyrae,
810 2550 841 2600 de
855 2548 887 2606 Q.
896 2548 1023 2611 Cicerone,
1036 2550 1066 2600 de
1077 2549 1155 2600 Attici
1164 2550 1242 2602 liliola
1252 2550 1350 2601 iocabar
1367 2551 1457 2602 cludens

259 2633 418 2693 Carneadem,
436 2634 467 2684 de
484 2633 563 2685 Attici
578 2633 677 2695 litteris,
695 2634 727 2684 do
742 2646 854 2683 sermone
869 2629 985 2695 Pompeii
1000 2630 1173 2695 Neapolitano,
1192 2632 1222 2682 de
1237 2632 1366 2697 triumpho
1380 2648 1455 2684 omae·

260 2715 366 2780 quando,
379 2715 410 2765 da
421 2714 506 2765 Bibuli
520 2715 706 2779 supplicatione,
726 2714 756 2764 de
773 2711 874 2764 catonis
889 2711 918 2762 in
934 2727 962 2762 se
979 2711 1112 2778 iniquitate
1121 2730 1137 2763 e
1148 2712 1251 2764 Creme
1261 2714 1290 2763 in
1300 2713 1390 2765 litteris
1399 2715 1427 2763 ud
1435 2727 1458 2763 se

259 2794 324 2846 datis
335 2795 490 2860 reprehensa,
503 2797 534 2847 de
545 2795 684 2863 Chrysippo
698 2795 789 2845 liberto
799 2809 844 2844 suo
855 2791 883 2842 in
893 2808 920 2843 so
931 2792 1038 2858 ingrato,
1050 2795 1081 2844 de
1090 2793 1181 2845 litteris
1190 2794 1270 2846 Attici
1280 2795 1313 2846 de
1323 2795 1457 2860 republica

261 2875 365 2941 Scripsit
376 2876 519 2928 andusii.

674 3006 807 3064 CICERO
825 3004 958 3061 mmo
976 3006 1054 3063 SAL.

328 3164 358 3230 1.
371 3163 595 3232 Brundusium
605 3164 752 3232 venimus
762 3183 826 3228 vn.
835 3159 978 3229 Kalend.
991 3161 1160 3231 Decembr.
1176 3165 1227 3231 nsi
1240 3170 1300 3232 tus
1314 3165 1458 3232 felicitate

262 3267 455 3356 navigandi:
475 3270 522 3336 ite
535 3268 619 3336 belle
633 3267 727 3335 nobis
741 3265 853 3333 ‘flavit
867 3264 910 3332 ab
920 3265 1022 3352 Epiro
1032 3267 1213 3335 lenissimus
1223 3265 1459 3335 Onchesmites'

262 3447 372 3500 Gieoro's
391 3450 497 3515 sending
517 3450 561 3502 the
582 3466 673 3517 money
691 3451 726 3517 by
744 3450 791 3501 bill
812 3451 841 3503 of
921 3451 1099 3519 mimmius]
1114 3450 1459 3516 ‘ahin-owner‚'who,intent

263 3513 392 3579 exebange
406 3521 433 3566 to
443 3516 540 3577 Patrae,
558 3514 649 3566 Curius
659 3516 713 3566 will
727 3516 840 3581 delegate
896 3531 929 3567 on
939 3516 980 3568 his
992 3518 1072 3582 gains,
1086 3517 1170 3567 would
1179 3533 1247 3581 presa
1257 3517 1299 3567 for
1310 3532 1345 3567 no
1356 3517 1433 3582 delay.

263 3577 351 3630 Cicero
376 3585 403 3630 to
429 3596 496 3631 some
518 3580 624 3631 creditor
645 3581 727 3632 whom
749 3581 840 3633 Curius
921 3581 1029 3650 stiterit]
1062 3581 1393 3646 'l'hisuseofea'etoisvery
1403 3596 1459 3631 con·

262 3643 841 3775 thldhyhtssdttffiffiffl
889 3662 948 3763 333¹
958 3646 1241 3763 ἷωᾞοὲῗοὲᾞ
1249 3662 1317 3776 ²1:³3⁰
1330 3644 1460 3761 ἷίῗὶἳῆὲῗ

262 3772 316 3823 will
328 3788 444 3839 payover
453 3775 497 3825 the
507 3781 632 3842 moneyto
641 3749 685 3827 the,
696 3776 802 3829 creditor
812 3795 841 3829 or
889 3794 916 3827 x.
934 3780 972 3839 le,
987 3782 1011 3828 6.
1236 3749 1243 3772 ’

261 3837 329 3889 bank
341 3839 465 3903 specided.
927 3844 985 3894 Vale
996 3849 1020 3892 et
1031 3840 1107 3909 soloe]
1124 3840 1278 3907 Wesenberg
1285 3841 1416 3905 (Eradlt
1423 3840 1459 3902 tt)

293 3904 394 3971 reliqui]
436 3910 491 3954 ‘em
523 3903 640 3970 leaving!
682 3905 733 3957 For
765 3923 837 3971 mem,
889 3908 992 3970 adduct,
1010 3907 1153 3973 comparing
1171 3906 1242 3958 Fam.
1261 3903 1458 3969 xri.4,4,E1>.

263 3966 371 4031 ‘horsa'
389 3969 472 4020 which
491 3969 519 4019 M
536 3969 612 4034 gives,
632 3969 660 4020 H
681 3971 727 4021 has
741 3979 837 4037 mnam,
891 3972 1035 4024 cclxxxviii.

262 4031 325 4082 with
336 4034 448 4085 radicum
458 4035 559 4085 written
569 4035 647 4085 above
657 4035 687 4086 it.
924 4042 947 4088 1.
965 4035 1147 4104 tasselieitaio]
1179 4035 1336 4088 asebium.
1349 4037 1373 4097 8,
1388 4032 1458 4097 l,E1a

290 4098 473 4166 laenam]
483 4099 798 4163 Whenthenewconsuls,
807 4101 838 4153 L.
889 4102 999 4154 cclxxxi.

264 4157 386 4214 Ientrdus
397 4165 519 4216 Crusand
530 4163 686 4217 colendus
697 4167 839 4230 Marcellus,
924 4166 1094 4234 Onebeana'tes]
1126 4166 1169 4217 the
1185 4166 1254 4217 wind
1273 4164 1383 4231 bloving
1402 4163 1458 4214 from

263 4224 326 4275 both
342 4228 462 4295 violently
478 4229 585 4344 apposed
601 4236 628 4281 to
647 4230 744 4296 Caesar,
756 4233 841 4283 would
891 4232 1053 4294 Onchesmus,
1070 4249 1085 4283 a
1100 4237 1157 4297 port
1170 4231 1198 4283 oi
1210 4230 1319 4295 Epium
1340 4248 1368 4281 so
1378 4232 1458 4291 Iapyx,

264 4294 478 4345 enterontheiro
505 4311 541 4346 oe.
889 4297 994 4349 because
1011 4297 1033 4348 it
1046 4314 1115 4348 came
1130 4297 1196 4348 from
1210 4295 1254 4347 the
1270 4295 1392 4362 Iapygnn
1406 4307 1455 4358 pro·

300 4359 324 4405 4.
341 4374 526 4423 maremaqnum
559 4361 837 4426 ‘astomybitolsea’r
890 4371 1014 4428 montory.
1048 4362 1102 4413 The
1117 4363 1198 4413 words
1214 4360 1242 4412 oi
1264 4361 1350 4412 cicero
1370 4360 1414 4410 fell
1427 4358 1456 4421 by

266 4432 306 4480 ep·
318 4419 393 4471 Luor.
405 4422 433 4472 ii.
448 4428 471 4485 l,
483 4427 546 4485 ab&
564 4441 593 4476 or
607 4425 629 4475 it
639 4441 697 4491 may
708 4426 739 4476 be
749 4427 841 4493 simply
890 4427 982 4478 chance
992 4428 1046 4478 into
1056 4443 1072 4476 a
1082 4427 1198 4493 spondaio
1205 4428 1355 4478 hexameter.
1381 4423 1458 4474 (hom

268 4483 563 4546 ‘emorraeum’
889 4492 1454 4558 saystoAttiom‘Iwillmakoyouspm·
