3150 5109
288 394 352 461 152
635 395 822 464 cerere.
849 395 973 480 (rna.
995 396 1069 463 [Π.
1094 394 1139 481 η.

287 573 397 635 antem
412 566 547 656 epistola
560 566 700 656 petebas,
718 572 756 636 ut
770 590 824 636 eos
838 568 1102 657 quamprimum,
1117 590 1159 635 ne
1172 566 1208 634 in
1221 566 1354 635 hiemen
1367 566 1476 634 inside-

287 676 370 752 rent,
386 674 429 738 ad
443 671 632 739 facultatem
646 673 838 739 aedificandi
851 671 1031 754 liberarem,
1051 676 1085 738 et
1102 671 1199 738 dmul
1212 674 1366 759 peracute
1379 693 1478 757 quere·

287 775 374 857 bare,
390 775 477 861 quod
491 798 545 842 eos
557 774 681 843 tirbuta
700 776 830 863 exigere
850 781 993 844 remrein
1013 775 1104 863 prius
1124 797 1222 861 quam
1236 796 1298 862 ego
1312 796 1351 842 re
1364 774 1480 862 cognita

287 878 516 966 permisissem:
540 902 643 966 genus
668 880 756 947 enim
784 880 949 967 quoddam
971 879 1071 945 fuisse
1093 878 1302 965 impediendi,
1335 899 1409 944 eum
1430 897 1479 963 ego

288 1004 476 1070 oognoaoere
490 1004 556 1049 non
567 1005 694 1066 possem,
713 983 778 1051 nisi
792 1006 866 1051 oum
888 984 931 1050 ad
950 983 1078 1050 hiemen
1099 1005 1153 1049 me
1173 1006 1215 1050 ex
1228 981 1348 1050 Cilicia
1360 982 1480 1067 recepis-

288 1108 366 1152 sem.
412 1088 442 1151 3.
465 1084 522 1153 Ad
537 1086 647 1153 omnia
664 1088 770 1175 accipe
793 1092 827 1154 et
843 1110 996 1176 cognosce
1015 1086 1211 1174 aequitatem
1224 1084 1482 1172 expostulationis

288 1193 373 1256 tuae.
418 1188 577 1271 Primum,
597 1213 671 1257 cum
690 1191 732 1257 ad
753 1213 806 1258 me
824 1192 951 1258 aditum
971 1194 1052 1258 esset
1071 1190 1113 1258 ab
1130 1190 1181 1272 iis,
1197 1191 1253 1277 qui
1267 1190 1482 1256 dicerentass

287 1291 505 1359 intolerabilia
519 1293 642 1361 tributa
661 1294 761 1383 exigi,
785 1294 866 1381 quid
883 1294 1000 1360 habuit
1018 1294 1202 1381 iniquitatis
1216 1316 1270 1360 me
1290 1292 1436 1372 scribare,
1448 1313 1483 1357 ne

289 1396 432 1463 facerent
441 1401 517 1464 ante
528 1419 626 1483 quam
636 1420 697 1486 ego
711 1420 780 1464 rem
796 1420 986 1485 causamque
1001 1398 1216 1484 cognossem?
1247 1396 1328 1465 Non
1339 1401 1483 1483 potarem

289 1501 394 1581 oredo,
409 1504 485 1566 ante
499 1500 656 1569 hiemem:
679 1502 724 1568 sie
748 1504 836 1568 enim
854 1501 974 1569 sombis.
1020 1501 1124 1574 Quasi
1141 1523 1216 1568 vero
1236 1502 1280 1567 ad
1299 1520 1483 1588 cognoscen-

290 1604 370 1670 dum
386 1626 446 1691 ego
466 1604 507 1670 ad
521 1604 604 1686 illos,
622 1627 689 1672 non
711 1606 763 1672 illi
787 1606 831 1672 ed
850 1629 902 1672 me
922 1604 1031 1673 venire
1045 1604 1228 1672 debuerint.
1273 1603 1361 1670 Tam
1373 1602 1484 1689 longe?

291 1707 410 1795 inquis.
456 1708 575 1781 Quid?
597 1731 669 1776 eum
685 1708 785 1776 debas
799 1710 840 1776 iis
854 1709 988 1791 litteras,
1003 1731 1062 1796 per
1075 1731 1155 1795 quas
1167 1729 1294 1774 mecum
1309 1706 1438 1795 agebas,
1451 1725 1485 1770 ne

290 1833 344 1879 eos
358 1812 547 1899 impedirem
561 1835 626 1900 quo
639 1814 748 1881 minus
762 1817 839 1881 ante
852 1813 993 1880 hiemem
1007 1813 1222 1893 aedificarent,
1237 1834 1304 1877 non
1320 1833 1377 1877 eos
1389 1810 1431 1875 ad
1442 1829 1485 1874 me

290 1918 444 1982 venturos
458 1915 681 1985 arbitrabare?
725 1915 871 1984 Tametsi
884 1917 920 1983 id
935 1916 1067 2003 quidem
1077 1916 1225 1982 fecerunt
1238 1914 1398 1981 ridicule:
1419 1931 1486 1999 quas

291 2019 379 2085 enim
393 2018 519 2085 litteras
542 2020 742 2102 adferebant,
766 2026 805 2088 ut
828 2043 908 2107 opus
927 2024 1047 2087 aestate
1068 2019 1173 2086 facere
1189 2021 1330 2105 possent,
1351 2012 1486 2085 eesmihi

291 2125 364 2208 post
377 2120 526 2189 brumam
540 2123 761 2191 reddidersmt.
808 2124 874 2191 Sed
895 2125 975 2191 scito
995 2128 1028 2190 et
1050 2122 1154 2189 multo
1172 2122 1281 2209 plures
1301 2144 1373 2188 esse
1389 2118 1442 2206 qui
1452 2117 1486 2182 de

291 2223 423 2290 tributis
436 2231 584 2293 recusent
598 2250 697 2313 quam
712 2227 768 2315 qui
784 2228 874 2315 exigi
886 2228 1000 2309 velint,
1020 2231 1053 2292 et
1066 2248 1119 2293 me
1132 2229 1252 2306 tamen,
1267 2226 1358 2312 quod
1371 2221 1487 2291 terelle

292 2328 483 2410 existimem,
499 2352 566 2397 esse
581 2331 754 2399 facturum.
784 2330 838 2398 De
853 2330 1015 2420 Appianis
1028 2329 1191 2397 haetenus.
1228 2331 1260 2395 4.
1276 2329 1313 2396 A
1326 2327 1485 2405 Pausania,

293 2431 429 2500 Lentuli
449 2432 576 2515 liberto,
603 2457 733 2502 accenso
760 2458 843 2515 meo,
867 2435 987 2514 audiri,
1013 2456 1087 2501 cum
1109 2433 1228 2500 diceret
1247 2437 1282 2500 te
1304 2455 1414 2499 secum
1432 2451 1486 2497 we

293 2540 454 2624 questum,
471 2538 560 2623 quod
575 2537 638 2604 tibi
652 2538 782 2605 obviam
805 2561 872 2605 non
894 2538 1079 2628 prodissem.
1124 2536 1252 2604 Scilicet
1265 2534 1487 2622 contempsita,

294 2661 354 2707 neo
367 2645 474 2727 potest
488 2641 560 2708 fieri
580 2664 633 2708 me
654 2643 836 2730 quidquam
857 2641 1044 2728 superbius!
1091 2640 1175 2708 (lum
1195 2663 1276 2729 puer
1296 2644 1377 2706 tuus
1395 2639 1489 2705 adme

294 2745 435 2810 secunda
456 2744 525 2811 fere
547 2745 662 2833 vigilia
686 2746 835 2827 venisset,
859 2746 950 2832 isque
970 2751 1003 2812 te
1026 2747 1102 2811 ante
1123 2744 1227 2824 lucem
1247 2742 1401 2809 Iconium
1419 2737 1488 2807 mihi

295 2851 469 2914 venturum
484 2849 676 2929 nuntiasset,
691 2848 915 2936 incertumque
930 2855 1013 2931 esset,
1028 2853 1103 2915 ntra
1116 2847 1179 2924 ria,
1199 2869 1274 2913 cum
1288 2850 1396 2913 essent
1409 2846 1489 2921 duae

298 2950 401 3016 altera
426 2956 471 3017 A.
487 2950 679 3033 Varronem,
705 2960 802 3019 tunm
827 2953 1124 3033 familiarissimum,
1148 2951 1250 3018 altera
1282 2949 1325 3023 Q·
1352 2949 1488 3037 Iapan,

296 3054 496 3139 praefectum
518 3054 650 3122 fabrum
675 3079 796 3137 meum,
820 3055 883 3125 tibi
907 3056 1036 3125 obviam
1063 3055 1146 3124 misi.
1191 3053 1352 3121 Mandaei
1375 3052 1491 3139 utrique

327 3251 402 3293 atses
414 3243 548 3312 liberarem]
584 3245 876 3298 ‘thatIshouldrelesse
924 3246 1080 3311 magistrates
1089 3245 1146 3296 who
1162 3245 1212 3295 had
1226 3243 1270 3295 the
1280 3246 1410 3306 tapnim
1415 3262 1426 3303 ,·
1439 3241 1489 3305 uer

295 3308 366 3359 them
375 3309 441 3360 from
457 3309 500 3359 the
516 3317 693 3361 enactmentes
707 3327 873 3377 soonaspos·
925 3327 991 3362 were
1028 3308 1490 3376 nersllyfreedmenofthemagiscata

296 3372 395 3424 siblcto
410 3374 497 3425 enable
510 3374 704 3437 themtobuild‚
716 3376 876 3444 sothatthey
926 3376 969 3491 ΕΟ.
1025 3376 1067 3426 .i.
1088 3374 1231 3438 1,13,‘Ep.
1248 3374 1333 3438 m).
1367 3374 1409 3424 No
1423 3371 1490 3422 durtt

296 3437 378 3502 might
387 3445 432 3488 not
442 3455 489 3488 run
501 3454 533 3489 on
543 3440 598 3491 into
607 3441 651 3491 tha
662 3440 770 3491 winter)
947 3440 1061 3490 ananias
1076 3440 1126 3490 had
1141 3440 1203 3490 bean
1218 3439 1262 3489 the
1276 3454 1387 3487 measse
1397 3438 1424 3489 of
1433 3437 1489 3487 Ian·

310 3566 316 3577 .
325 3505 398 3564 prius
415 3539 422 3551 .
437 3539 444 3552 .
459 3539 465 3552 .
482 3504 629 3571 recepissem]
666 3505 746 3556 ‘until
762 3505 777 3556 I
793 3504 875 3556 inves-
926 3506 995 3556 unlus
1012 3505 1086 3555 when
1104 3505 1147 3554 the
1163 3504 1238 3554 latter
1257 3503 1316 3553 held
1333 3503 1379 3554 the
1396 3516 1489 3567 gosem·

296 3568 392 3630 ngated
402 3567 446 3617 tha
456 3575 546 3619 matter
561 3573 610 3619 and
621 3586 684 3633 gave
694 3571 763 3620 them
774 3571 875 3635 permis·
925 3577 994 3621 ment
1005 3570 1033 3621 oi
1040 3569 1128 3620 Cilicia
1137 3584 1204 3620 some
1213 3583 1285 3635 years
1294 3568 1380 3619 before
1391 3567 1489 3619 osattl

297 3630 359 3691 sion,
368 3631 409 3681 ior
419 3632 440 3681 it
452 3647 510 3694 was,
524 3649 575 3698 you
585 3651 638 3699 say,
648 3635 768 3701 virtually
775 3636 877 3700 putting
926 3636 1038 3700 (td-63).

296 3701 376 3759 astop
389 3701 416 3746 to
431 3695 498 3746 their
513 3698 644 3764 collecting
660 3699 754 3750 tribute
766 3703 795 3764 (i.
804 3715 824 3750 e.
838 3702 877 3750 sor
958 3702 1050 3761 audiet,
1064 3697 1224 3764 amdtesrst]
1257 3713 1297 3762 cp.
1316 3696 1390 3747 Brut.
1408 3697 1446 3757 85,
1461 3707 1491 3744 sse

297 3758 342 3809 the
352 3776 468 3823 purposes
484 3760 512 3811 of
527 3762 571 3813 the
581 3763 706 3828 buildings
719 3802 726 3824 ,
739 3779 766 3814 as
777 3764 791 3814 I
803 3765 877 3816 could
926 3780 955 3814 ee
965 3766 994 3815 P.
1007 3767 1102 3815 Rutilio
1113 3764 1177 3826 Raso
1188 3764 1283 3812 audura
1292 3778 1345 3811 esee
1355 3764 1449 3812 dicem.

297 3828 342 3873 not
355 3823 505 3888 investigate
519 3826 563 3876 the
578 3835 670 3878 matter
683 3831 701 3879 t'
734 3829 877 3880 Iretumed
958 3832 1120 3891 insertamque
1145 3835 1203 3877 esset
1247 3827 1297 3877 We
1324 3827 1391 3876 have
1423 3823 1490 3876 added

297 3889 363 3939 from
372 3889 459 3940 Cilicia
468 3890 509 3940 for
517 3891 685 3943 tbawinter':
701 3895 877 3956 impsdteadtis
925 3901 984 3944 aas
994 3895 1057 3944 with
1074 3892 1197 3943 Straioher
1218 3908 1243 3956 p.
1262 3891 1331 3954 200).
1365 3891 1421 3942 The
1433 3890 1490 3940 slave

296 3953 340 4004 the
351 3954 474 4018 emphatic
484 3956 562 4005 word.
925 3958 975 4008 had
990 3964 1035 4009 not
1050 3958 1168 4023 anquired
1185 3973 1213 4007 or
1229 3957 1292 4007 been
1306 3956 1360 4006 told
1373 3957 1409 4021 by
1419 3952 1489 4004 which

331 4021 355 4068 3.
373 4036 420 4068 non
440 4017 492 4085 illi]
526 4019 554 4069 If
574 4023 876 4074 ‘andnot’ismedina
925 4023 1100 4073 citharoeda
1121 4021 1253 4087 (although
1268 4022 1341 4071 there
1359 4021 1489 4078 veretro)

297 4091 412 4134 sentence
430 4083 514 4134 where
531 4084 575 4135 the
591 4086 700 4136 truthis
721 4088 775 4138 first
796 4089 876 4139 stated
925 4088 1021 4152 Appius
1032 4087 1149 4138 intended
1159 4095 1185 4137 to
1196 4092 1266 4136 enter
1275 4086 1319 4136 the
1330 4092 1409 4136 town.
1533 4089 1534 4162 l

297 4149 347 4198 and
357 4164 389 4197 en
399 4164 530 4199 erroneous
541 4150 643 4213 opinion
654 4152 717 4202 theu
726 4153 873 4217 negatived;
957 4156 994 4202 Α.
1012 4152 1152 4219 Varronec]
1184 4150 1254 4201 Wes.
1268 4150 1335 4215 (Em.
1348 4153 1416 4211 Ala,
1433 4147 1488 4213 pt)
1533 4165 1534 4184 i

297 4212 351 4263 itis
363 4214 434 4264 usual
447 4220 474 4264 to
491 4215 588 4280 smploy
598 4232 653 4277 non,
672 4222 717 4267 not
733 4224 756 4265 et
768 4233 817 4267 noa
829 4233 875 4267 nor
923 4216 1010 4267 thinks
1025 4217 1080 4268 that
1098 4232 1125 4266 aa
1142 4233 1158 4265 a
1173 4231 1323 4280 praenomen
1341 4214 1363 4264 is
1380 4215 1453 4279 giren
1467 4217 1490 4261 to
1533 4215 1534 4276 l

297 4279 338 4326 sed
353 4293 417 4328 non:
435 4294 473 4341 cp.
491 4278 549 4329 Seu.
570 4282 610 4341 66,
632 4283 688 4329 aaa
704 4298 796 4331 mmm
813 4284 875 4331 sitia
924 4281 1011 4345 Lepta,
1035 4297 1082 4332 one
1104 4281 1184 4346 ought
1204 4281 1256 4331 also
1276 4287 1304 4330 to
1325 4280 1356 4330 be
1377 4280 1450 4344 given
1467 4282 1489 4325 a
1533 4291 1534 4346 l

297 4343 736 4408 animamacasaffladv.§468,
750 4346 873 4410 sobal).
923 4345 1011 4397 Varro.
1046 4345 1264 4422 Hewasperhaps
1275 4344 1412 4394 thehulns
1422 4342 1489 4393 sano
1533 4353 1534 4404 ζ

330 4410 354 4456 4.
372 4408 476 4475 aesna]
510 4407 564 4458 The
584 4413 674 4459 assam
695 4426 760 4462 vere
782 4410 873 4474 special
923 4410 1250 4462 mentionedinFam.xvr.
1264 4413 1303 4470 12,
1317 4413 1342 4458 6.
1533 4409 1534 4464 ἔ

296 4473 446 4535 attendants,
458 4473 658 4539 mostlyusedss
670 4475 873 4541 murt-ememby
952 4476 1217 4540 praesectumscbnen]
1250 4474 1298 4525 See
1307 4473 1435 4524 Addeuds.
1533 4493 1534 4516 l
