3150 5109
514 413 636 479 corr.
664 414 779 498 (ura
813 418 849 483 V.
873 417 943 500 17).
1286 421 1329 486 66

126 606 185 650 166
199 585 318 664 venire,
333 584 370 650 in
392 586 542 652 ultimam
561 587 760 673 provinciam
779 612 814 655 se
835 590 970 656 66116611
987 589 1125 657 Tarsum
1139 615 1259 678 usque:
1282 592 1329 660 ibi

126 688 234 753 forum
249 688 329 774 agit.
374 688 427 755 De
448 690 572 757 Partho
592 690 758 757 silentium
776 696 834 771 est,
850 694 906 758 sed
927 697 1037 760 tamen
1052 695 1192 762 concisos
1207 697 1331 783 equites

127 799 286 860 nostrosa
306 793 451 861 barbaris
468 794 665 862 nuntiabant
683 796 718 876 ii,
734 796 792 881 qui
806 796 987 864 veniebant.
1033 797 1172 865 Bibulus
1187 822 1228 866 ne
1242 801 1329 888 eogi-

125 896 218 963 tabat
232 899 363 984 quidem
378 899 477 965 etiam
491 901 628 966 nuncin
642 900 841 983 provinciam
855 924 947 966 suam
961 903 1118 969 accedere.
1162 902 1207 971 Id
1221 908 1330 981 autem

126 1000 230 1067 fecere
245 1001 287 1069 61
301 1024 373 1067 eam
387 1025 516 1068 eausam
530 1002 690 1083 dicebaut,
706 1006 793 1091 quod
806 1005 931 1070 tardius
945 1005 1043 1072 vellet
1058 1007 1218 1074 decedere.
1259 1006 1331 1073 Nos

126 1105 161 1171 in
176 1110 281 1173 eastra
295 1106 554 1193 properabamus,
569 1130 652 1192 quae
666 1107 802 1175 aberant
816 1107 917 1174 bidui.

375 1510 494 1578 com.
541 1510 823 1578 condricus
848 1511 942 1597 (Ars.
966 1536 999 1578 v.
1027 1518 1079 1601 1⁷).

421 1736 452 1776 s.
470 1733 503 1776 u.
521 1733 548 1776 c.
567 1729 633 1790 7033
657 1732 687 1776 s.
705 1733 731 1775 c.
748 1730 802 1789 613
825 1732 1035 1780 11161666.

174 1908 213 1959 De
228 1908 366 1958 litterarum
383 1907 534 1965 commercio,
553 1908 584 1957 de
599 1924 695 1957 summa
712 1923 757 1957 sua
772 1922 921 1973 suorumque
937 1906 1048 1957 omnium
1063 1908 1091 1958 in
1108 1909 1236 1973 provincia
1250 1909 1328 1961 absti-

124 1991 218 2050 nentia,
231 1991 261 2040 de
273 1989 430 2040 Ciceronibus
440 1989 523 2052 pueris
533 2005 549 2038 a
560 1988 676 2039 Deiotaro
686 1988 738 2038 tilio
748 1989 776 2038 in
786 2004 890 2053 regnum
901 1989 989 2049 ductis,
1003 1990 1033 2039 de
1045 1989 1119 2040 Sestii
1128 1990 1226 2051 litteris,
1239 1990 1330 2056 quibus

124 2071 232 2135 acceptis
250 2070 334 2121 Attico
351 2086 471 2120 summam
489 2086 559 2120 suam
579 2086 663 2120 curam
680 2071 838 2121 domesticam
855 2071 1008 2121 commendat
1025 2076 1051 2120 et
1071 2087 1128 2123 eum
1145 2079 1215 2136 rogat
1231 2080 1330 2137 propter

123 2169 248 2204 sermones
258 2152 387 2203 Hortensii
403 2158 433 2202 ut
450 2167 547 2216 operam
563 2153 612 2209 det,
627 2168 658 2202 16
674 2152 730 2217 plus
746 2146 821 2217 quam
832 2168 934 2221 'annuus
950 2152 1033 2215 611616
1048 2152 1129 2217 Appio
1140 2153 1214 2203 etiem
1225 2156 1328 2204 nuncin

125 2235 251 2299 provincie
261 2251 306 2284 sua
316 2234 387 2284 Tarsi
396 2234 478 2284 forum
490 2240 586 2297 agente,
600 2235 630 2284 de
644 2234 788 2284 vulneribus
800 2233 941 2297 provinciae
953 2234 1104 2298 mvissinris
1118 2235 1171 2284 sine
1181 2235 1330 2285 contumelia

125 2316 200 2380 Appii
214 2333 230 2366 a
245 2332 271 2366 sc
281 2315 396 2365 sanandis
406 2321 431 2366 et
447 2316 478 2365 de
491 2314 568 2367 Bruto
578 2315 639 2381 quid
651 2315 747 2379 Appius
762 2314 851 2366 feeerit
862 2331 912 2365 non
924 2315 1032 2365 celando.
1068 2315 1164 2379 Scripta
1179 2316 1282 2380 epistola
1292 2326 1330 2367 ost

124 2398 152 2448 in
162 2397 251 2449 itinere
261 2398 293 2447 ud
304 2404 390 2448 666116.

540 2579 671 2634 CICERO
688 2577 821 2633 ATTICO
840 2577 916 2632 SAL.

192 2726 220 2789 1.
244 2724 365 2810 Accepi
380 2723 487 2790 Roma
501 2726 569 2789 sine
584 2724 720 2810 epistola
733 2728 792 2788 tue
806 2722 994 2788 fasciculum
1002 2721 1194 2801 litterarum,
1204 2722 1239 2787 11
1255 2744 1328 2808 quo,

123 2827 153 2893 si
166 2829 263 2893 modo
276 2827 408 2894 valuisti
422 2832 455 2892 et
470 2827 593 2894 Romae
610 2827 714 2908 fuisti,
729 2826 900 2893 Philotimi
920 2828 1001 2892 duco
1024 2846 1090 2890 essa
1109 2824 1247 2910 eulpam,
1262 2848 1329 2891 non

122 2935 225 2996 tuam.
270 2929 371 2996 Hanc
385 2930 553 3016 epistolem
568 2931 688 2996 dictavi
702 2931 816 2997 sedens
829 2931 865 2995 in
878 2930 986 3008 raeda,
1001 2950 1075 2993 eum
1089 2928 1125 2993 in
1140 2934 1242 2994 castra
1257 2943 1328 3016 p'ro·

124 3034 289 3115 ficisoerer,
305 3057 325 3099 a
340 3033 457 3118 quibus
479 3032 609 3100 aberam
630 3032 733 3099 bidui.
778 3033 895 3099 Paucis
917 3031 1030 3098 diebus
1052 3030 1211 3097 habebam
1228 3037 1330 3099 certos

124 3137 271 3204 homines
292 3138 409 3223 quibus
431 3139 542 3204 darem
563 3138 697 3204 litteras.
743 3135 861 3223 Itaque
883 3159 921 3202 eo
942 3158 994 3202 me
1016 3135 1150 3201 servavi.
1204 3137 1235 3201 2.
1259 3134 1330 3203 Nos

124 3246 234 3306 tamen
248 3242 309 3308 6161
323 3241 382 3306 166
396 3245 429 3306 16
444 3241 568 3307 axeliis
583 3242 694 3307 audire
708 3241 805 3320 malo,
818 3241 862 3306 sio
876 3240 912 3305 in
926 3238 1090 3326 provincia
1104 3260 1162 3304 166
1176 3239 1329 3324 gerimus,

124 3346 212 3430 quod
235 3345 278 3410 ad
304 3343 534 3410 abstinentiam
555 3347 683 3425 attinet,
706 3349 745 3411 ut
767 3345 879 3410 nullus
904 3343 1067 3409 teruncius
1089 3342 1272 3409 insumatur
1293 3343 1329 3409 in

124 3471 329 3535 quemquam.
374 3447 417 3514 Id
434 3449 472 3514 fit
492 3449 590 3514 etiam
605 3453 639 3514 61
659 3448 842 3535 legatorum
862 3453 895 3514 61
913 3446 1119 3513 tribunorum
1138 3449 1171 3511 61
1186 3447 1328 3532 praefec-

124 3556 233 3617 torum
256 3551 437 3638 diligentia.
493 3550 583 3617 Nam
606 3575 716 3619 omnes
743 3552 878 3618 mirifice
907 3547 1178 3634 συμφιλοδοξοῦσι
1208 3550 1330 3635 gloriae

158 3756 280 3817 4.sorum
295 3755 538 3844 ayitp=cenoentum
553 3759 630 3819 16161,
651 3757 700 3807 ‘he
750 3757 850 3808 entered
866 3755 906 3805 his
921 3753 1046 3818 province.
1080 3753 1221 3803 Biduizse.
1235 3755 1290 3803 iter.

123 3820 146 3870 is
164 3821 240 3884 going
256 3820 352 3882 circuit,
390 3821 508 3886 ‘holding
526 3822 623 3885 assiae,’
642 3838 699 3886 pre·
785 3827 808 3872 1.
827 3818 951 3884 16161666]
968 3817 1207 3878 :habitatricem
1227 3818 1331 3868 because

123 3885 206 3949 siding
216 3901 275 3935 ovar
284 3901 300 3935 a
310 3890 380 3935 ecurt
390 3886 418 3934 61
432 3887 523 3951 justice
532 3887 560 3937 11
570 3894 663 3937 stown
674 3886 702 3936 of
750 3886 771 3936 it
782 3887 852 3936 takes
862 3886 905 3935 the
916 3883 985 3947 place
1000 3881 1028 3931 of
1044 3882 1134 3941 hadom
1151 3883 1328 3947 161116116-

123 3950 168 4000 the
178 3949 303 4013 province.
750 3958 806 4001 seut
817 3966 862 4000 661
873 3950 904 3999 16
917 3949 979 3998 used
990 3947 1031 3996 for
1040 3947 1084 3996 the
1094 3946 1180 3997 future
1190 3947 1264 3997 when
1275 3964 1328 3998 cer-

158 4017 301 4077 66911αό61.
321 4051 328 4064 .
348 4014 447 4082 1616]
481 4016 532 4066 For
548 4016 593 4067 the
613 4017 698 4080 juxta-
749 4014 865 4079 taintyis
879 4020 907 4063 16
922 4013 954 4063 16
969 4011 1112 4074 expressed:
1130 4027 1171 4061 sea
1186 4027 1220 4061 61
1231 4015 1284 4063 Act.
1303 4030 1328 4063 v.

123 4079 232 4143 position
248 4079 276 4130 of
291 4078 335 4129 the
379 4079 482 4145 istolary
496 4080 626 4144 imperfect
639 4080 701 4131 with
753 4084 792 4141 12,
806 4083 830 4141 2,
847 4080 894 4142 Ep.
907 4093 944 4128 66.
978 4076 1145 4127 Thereisthe
1160 4092 1227 4126 seme
1242 4093 1287 4127 uae
1302 4080 1331 4128 of

121 4160 158 4193 an
179 4144 312 4194 adverbsi
348 4144 355 4157 ‘
388 4144 549 4209 'gpresent
569 4145 638 4207 time,
660 4162 699 4209 cp.
750 4141 1328 4207 11661161.111611.11111.1.7,Ερ.616.,

122 4211 220 4258 Brutus
230 4215 283 4257 erat
292 4211 318 4257 in
326 4211 414 4259 Neside
421 4213 492 4259 atium
500 4227 571 4271 nunc,
585 4210 699 4261 161νὶ.
747 4208 927 4270 prpteiecedam
942 4210 982 4267 20,
997 4207 1020 4264 5,
1033 4204 1081 4268 Ep.
1090 4206 1215 4266 ccxxviii„
1229 4209 1328 4267 reeipie-

122 4276 149 4333 3,
164 4276 247 4336 Μαι·
258 4276 481 4335 nancRomaaerat,
495 4276 527 4332 Q.
537 4275 581 4325 Fr.
590 4292 628 4324 ιιι
641 4279 663 4337 l,
674 4281 698 4336 4,
750 4275 827 4333 eam
848 4274 898 4323 aud
918 4273 973 4322 Ate.
995 4270 1041 4321 rii.
1065 4274 1105 4331 23,
1134 4275 1157 4331 2,
1182 4271 1330 4320 remittebant

122 4339 173 4401 Ep.
186 4338 281 4388 cxlviii.
751 4341 926 4388 :respirarem
936 4353 998 4386 sum.

158 4403 265 4470 tardior]
298 4402 352 4454 The
373 4419 433 4469 year
453 4404 481 4453 of
504 4404 574 4455 office
595 4404 700 4455 ceunted
782 4400 977 4468 66616611οωί666]
997 4398 1329 4465 ‘safe,trustworthymen’:

116 4467 189 4518 from
213 4467 257 4518 the
281 4468 330 4534 day
351 4484 383 4519 61
405 4469 488 4520 which
513 4469 557 4521 the
581 4485 702 4535 governor
750 4484 792 4518 sea
802 4484 835 4518 61
847 4467 918 4519 Fam.
930 4466 949 4517 i.
964 4470 986 4528 7,
1002 4468 1025 4527 1,
1038 4464 1086 4528 Ep.
1100 4464 1166 4515 cris.
