3150 5109
245 459 311 525 238
553 457 712 525 OOLXX
718 456 821 524 VIII.
848 455 970 541 (ms.
994 456 1075 523 XV.
1101 458 1147 541 6).

246 632 377 719 publica
397 633 529 711 socium,
551 632 592 696 de
614 653 679 716 qua
700 630 788 696 idem
810 628 978 708 sentimus,
1000 634 1034 697 et
1055 629 1091 695 in
1113 629 1275 695 cotidiana
1290 628 1360 696 vita
1382 652 1466 696 con·

247 736 406 815 iunctum,
423 759 520 822 quam
534 734 586 801 his
601 734 725 800 artibus
738 734 917 819 studiisque
931 733 1074 799 colimus.
1118 732 1247 800 Vellem
1261 733 1309 798 ita
1323 734 1466 800 fortuna

248 841 386 920 tulisset,
410 846 458 918 ut,
484 841 599 926 quanti
623 861 683 923 ego
709 860 821 904 omnes
848 842 922 903 tuos
950 836 1045 916 facio,
1070 836 1157 902 tanti
1179 841 1217 902 tu
1240 859 1327 902 meos
1351 837 1467 904 lacere

247 965 375 1029 posses:
399 944 486 1028 quod
501 949 611 1008 tamen
624 942 741 1028 ipsum,
757 940 864 1006 nescio
875 961 940 1026 qua
954 945 1119 1025 permotus
1133 939 1234 1005 animi
1245 940 1462 1022 divinatione,

247 1069 313 1113 non
329 1046 471 1133 despero.
517 1045 582 1112 Sed
596 1045 657 1111 hoc
672 1044 868 1110 nihiladte:
892 1047 1039 1109 nostrum
1054 1047 1102 1110 est
1116 1065 1207 1109 onus.
1252 1042 1341 1109 Illud
1356 1044 1462 1111 velim

247 1150 293 1216 sic
307 1149 435 1231 habeas,
458 1151 545 1236 quod
564 1148 744 1234 intelleges,
767 1147 828 1213 hac
848 1170 885 1214 re
903 1151 1023 1213 novate
1045 1148 1193 1213 additum
1209 1148 1316 1232 potius
1330 1146 1464 1233 aliquid

247 1256 289 1319 ad
304 1276 413 1320 meum
429 1276 508 1341 erga
529 1257 563 1319 te
583 1252 736 1331 studium,
760 1273 824 1336 quo
846 1250 930 1316 nihil
951 1249 1122 1316 videbatur
1143 1251 1219 1316 addi
1239 1273 1340 1336 posse,
1355 1273 1462 1336 qnam

247 1358 425 1443 quidquam
440 1380 507 1423 esse
521 1358 712 1422 detractum.
758 1353 843 1420 (lum
858 1353 938 1419 haec
957 1352 1144 1433 scribebam,
1163 1375 1325 1419 censorem
1340 1352 1409 1419 iam
1424 1358 1466 1420 te

248 1484 314 1527 esse
329 1462 507 1547 sperabam.
553 1460 604 1525 Ec
618 1459 746 1527 brevior
760 1463 809 1525 est
823 1458 959 1546 epistola
975 1462 1018 1537 et,
1036 1462 1074 1523 ut
1092 1458 1246 1524 adversus
1261 1458 1463 1543 magistrum

247 1588 385 1646 morum,
401 1565 584 1631 modestior.

360 2017 622 2086 CCLXXVHI.
667 2015 837 2084 OIOERO
860 2016 919 2085 ΤΟ
942 2016 1062 2084 CATO
1088 2017 1194 2104 (Fau.
1218 2039 1276 2084 xv.
1301 2021 1343 2104 c).

394 2212 662 2296 sarrauana(?);
691 2233 723 2276 a.
740 2233 774 2277 a.
791 2234 820 2278 c.
837 2231 886 2284 ⁷04
896 2238 905 2288 ;
930 2234 961 2278 a.
978 2235 1005 2279 c.
1022 2232 1073 2294 503
1096 2235 1172 2280 nar.
1197 2237 1257 2283 crc.
1278 2239 1320 2286 cc.

296 2402 334 2452 Μ.
353 2400 439 2452 Cicero
455 2415 570 2464 magnam
586 2414 612 2448 se
628 2413 659 2448 ex
671 2397 709 2447 Μ.
722 2396 823 2449 Catonis
838 2398 980 2451 laudatione
996 2400 1150 2464 voluptatem
1165 2404 1303 2467 percepisse
1312 2407 1460 2470 profitetur,

246 2483 365 2549 petitque,
378 2482 401 2532 si
411 2483 494 2532 favere
504 2478 612 2529 noluerit
623 2481 650 2528 in
660 2479 818 2543 adipiscendo
827 2480 962 2545 triumpho,
979 2481 1068 2533 saltem
1077 2489 1115 2544 ut,
1128 2483 1150 2534 si
1160 2485 1320 2549 adipiscatur,
1333 2490 1458 2552 gaudeat.

248 2565 345 2630 Scripta
355 2563 458 2628 epistola
469 2568 507 2613 est
518 2561 600 2612 Sidae.

591 2715 631 2772 Μ.
650 2714 781 2770 CICERO
801 2715 828 2771 S.
848 2714 883 2769 D.
902 2716 941 2770 Μ.
961 2715 1105 2773 CATONI.

313 2868 342 2932 1.
366 2866 481 2931 Laetus
503 2886 569 2928 sum
592 2865 715 2927 audac
733 2885 780 2928 me
795 2863 904 2949 inquit
918 2863 1044 2932 Hector
1058 2865 1173 2952 opinor
1187 2869 1276 2953 apud
1289 2867 1456 2938 Naevium

246 2973 299 3036 aba
320 2976 358 3050 te,
370 2974 471 3052 pater,
492 2990 512 3031 a
533 2970 656 3031 bacato
678 2969 752 3031 ciro.
797 2966 851 3032 Ea
870 2972 919 3033 est
939 2968 1027 3034 enim
1048 2970 1192 3055 profecto
1208 2971 1351 3039 iucunda
1371 2974 1458 3057 laus,

246 3096 330 3159 quae
345 3073 386 3139 ab
401 3072 442 3138 iis
456 3069 676 3156 proficiscitur,
692 3069 750 3154 qui
763 3068 828 3156 ipsi
845 3070 881 3136 in
903 3070 1001 3137 laude
1015 3072 1178 3140 vixerimt.
1222 3074 1298 3162 Ego
1312 3100 1387 3144 vero
1401 3079 1456 3145 vel

210 3181 212 3183 ’
247 3176 466 3264 gratulatione
495 3173 677 3239 litterarum
699 3178 830 3239 tuarum
851 3175 904 3241 vel
925 3176 1119 3243 testimoniis
1144 3180 1324 3246 sententiae
1349 3182 1458 3249 dictae

247 3280 331 3345 nihil
346 3277 496 3364 estquod
511 3298 562 3341 me
577 3297 643 3340 non
658 3276 846 3343 adsecutum
867 3282 999 3365 putem;
1025 3280 1124 3366 idque
1138 3280 1220 3347 mihi
1235 3304 1309 3349 cum
1323 3286 1454 3372 amplis·

247 3384 366 3450 simum
387 3386 458 3448 tum
485 3379 706 3467 gratissimum
730 3384 789 3460 est,
814 3384 848 3447 te
873 3382 1013 3448 libenter
1039 3384 1199 3450 amicitiae
1222 3387 1346 3454 dedisse
1367 3391 1455 3475 quod

279 3571 351 3618 pacm
369 3590 376 3603 .
396 3590 402 3602 .
422 3590 429 3602 .
447 3550 556 3617 colimus]
592 3550 692 3601 ‘which
707 3566 746 3601 we
766 3567 824 3614 pass
908 3556 930 3601 1.
949 3552 1039 3602 Laetus
1050 3553 1130 3668 marck
1149 3555 1172 3603 Δ
1188 3555 1297 3608 trochaio
1312 3563 1455 3611 tetrameter

247 3620 275 3669 in
283 3620 352 3669 these
363 3617 457 3667 studies
464 3616 514 3666 and
522 3615 659 3679 pursuits‘:
673 3632 711 3679 cp.
721 3615 821 3667 Lucrat.
873 3616 938 3667 from
948 3618 992 3668 the
1003 3617 1099 3668 Hector
1131 3619 1271 3671 rcflcisoens
1284 3622 1311 3672 cf
1321 3623 1440 3675 Naevius.

246 3701 273 3735 v.
295 3685 366 3744 1150,
388 3685 413 3731 ci
431 3684 503 3731 colere
522 3697 609 3729 mom.
644 3680 686 3730 He
703 3684 779 3731 refers
795 3688 824 3732 to
905 3685 995 3731 Hector
1005 3683 1102 3750 opinor]
1136 3684 1183 3735 See
1197 3701 1230 3735 cn
1245 3688 1301 3737 Aac.
1319 3688 1339 3738 i.
1359 3693 1398 3753 19,
1414 3694 1456 3751 10,

247 3748 314 3800 their
334 3762 448 3798 common
471 3745 565 3795 studies
586 3745 614 3793 in
635 3746 741 3809 augurari
761 3747 820 3807 law,
873 3745 922 3810 Ep.
935 3763 996 3796 xxv.

247 3815 346 3864 alluded
365 3820 391 3862 tc
411 3812 489 3861 above
508 3810 535 3859 in
554 3813 585 3858 iis
608 3813 705 3859 studita.
906 3813 958 3874 Epo
972 3812 1038 3878 cero]
1073 3812 1104 3862 ‘I
1117 3829 1164 3864 can
1175 3830 1258 3865 assuto
1272 3817 1453 3883 ycu’-avary

275 3885 399 3940 pmaetrc
415 3877 491 3925 animi
507 3875 666 3940 divinatione]
702 3873 826 3940 ‘inspired
874 3876 999 3939 emphatic
1012 3880 1167 3941 expression:
1185 3895 1224 3943 op.
1238 3881 1323 3932 Madv.
1337 3886 1393 3947 464,
1405 3885 1454 3935 and

247 3943 307 4008 hya
318 3943 395 3992 feelin
423 3941 451 3990 of
461 3939 606 4004 prophecy.'
873 3947 933 3990 note
944 3957 978 3991 on
989 3942 1051 3991 Fam
1062 3942 1098 3991 ιιι.
1114 3946 1152 4004 12,
1167 3946 1190 4002 2,
1203 3945 1253 4008 Ep.
1266 3947 1365 3998 cclxxv.

279 4012 341 4071 quod
351 3958 413 4072 isal
448 4007 513 4054 ‘and
524 4005 574 4053 this
585 4020 635 4069 you
647 4003 700 4054 will
710 4004 769 4054 see!
907 4005 1057 4071 litterarum]
1075 4023 1110 4056 ac.
1124 4007 1195 4058 Fam.
1207 4026 1250 4058 xv.
1265 4015 1289 4071 t,
1302 4012 1350 4076 Ep.
1362 4013 1452 4064 cclxvi.

279 4075 360 4122 beera
373 4069 472 4135 novata]
508 4069 573 4119 ‘this
590 4070 709 4119 domestic
723 4068 823 4118 revolu·
907 4070 1096 4160 amplissimum]
1140 4075 1388 4143 ‘comentary’;
1419 4081 1451 4128 ti·

246 4137 300 4188 tion
315 4137 410 4201 having
426 4134 570 4185 occurred':
591 4149 626 4184 sc.
644 4134 687 4183 the
703 4133 825 4197 marriage
874 4136 954 4197 quido,
975 4136 1094 4200 ‘effla
1105 4154 1111 4187 ς
1131 4138 1394 4204 01³·Fa1n.x.10,l;
1414 4143 1450 4194 ἡ.

246 4204 274 4252 οι
293 4202 385 4251 Tullia.
419 4200 500 4250 There
519 4214 597 4248 seems
616 4215 632 4247 a
650 4200 709 4263 play
727 4214 760 4248 cn
781 4199 825 4249 the
876 4203 915 4260 21,
935 4200 960 4252 7.
994 4200 1100 4251 Watscn
1115 4201 1212 4277 rightly
1229 4205 1322 4255 notices
1338 4207 1394 4257 that
1410 4208 1456 4259 the

246 4267 358 4331 political
369 4282 439 4316 sense
450 4266 479 4315 cf
487 4280 573 4313 nccare
583 4280 629 4312 res.
874 4270 990 4315 sentence
1007 4266 1120 4316 contains
1139 4283 1154 4317 a
1171 4267 1249 4331 shght
1265 4272 1409 4333 expression
1426 4273 1455 4324 cf

279 4333 337 4398 quc]
372 4338 413 4381 ‘to
424 4329 525 4389 whicb,'
538 4327 577 4377 lit.
592 4326 733 4377 ‘whitber’
875 4328 1029 4380 discentem:
1045 4334 1110 4396 ‘you
1122 4335 1219 4395 praised
1227 4350 1383 4387 menomore
1392 4338 1456 4389 thau

873 4393 916 4443 the
926 4394 992 4444 facts
1003 4397 1158 4446 constrained
1170 4414 1220 4461 you
1231 4406 1257 4449 tc
1268 4399 1317 4450 do!
1353 4401 1387 4451 ln
1398 4406 1452 4454 Ata.

279 4460 340 4510 This
350 4460 424 4510 letter
435 4458 458 4509 is
470 4458 498 4508 in
513 4472 610 4508 answsr
619 4464 646 4508 tc
657 4457 728 4507 Fam.
740 4473 784 4507 xv.
798 4458 822 4522 b,
872 4457 917 4507 vii.
931 4462 955 4520 2,
970 4462 993 4522 7,
1006 4459 1054 4524 Ep.
1067 4462 1174 4525 ccxciii,
1187 4463 1273 4515 Cicero
1284 4481 1342 4532 says
1352 4467 1381 4517 οι
1392 4467 1458 4521 Cato

245 4525 294 4590 Ep.
307 4525 396 4576 cclxvi.
873 4522 1314 4591 thathewcss'nmetnyraticsimus.
